<record><leader>00716nem a2200229 a 4500</leader><controlfield tag="001">991000097039702696</controlfield><controlfield tag="005">20170202120808.0</controlfield><controlfield tag="008">051118s1968    xx            001 0 eng u</controlfield><datafield tag="035" ind1=" " ind2=" "><subfield code="a">(IL-JeALB)10304-972ai_inst</subfield></datafield><datafield tag="035" ind1=" " ind2=" "><subfield code="a">10304</subfield><subfield code="9">ExL</subfield></datafield><datafield tag="035" ind1=" " ind2=" "><subfield code="a">map00000114</subfield></datafield><datafield tag="110" ind1="1" ind2=" "><subfield code="a">Survey of Israel</subfield></datafield><datafield tag="245" ind1="1" ind2="0"><subfield code="a">Israel :</subfield><subfield code="b">Map of the Cease-Fire Lines.</subfield><subfield code="h">[map]</subfield></datafield><datafield tag="255" ind1=" " ind2=" "><subfield code="a">Scale 1:250,000.</subfield></datafield><datafield tag="260" ind1=" " ind2=" "><subfield code="b">Surey of Israel,</subfield><subfield code="c">1968.</subfield></datafield><datafield tag="300" ind1=" " ind2=" "><subfield code="a">1 map on 2 sheets ;</subfield><subfield code="c">86.5 x 66 cm. on 2 sheets 96 x 67 cm.</subfield></datafield><datafield tag="505" ind1=" " ind2=" "><subfield code="a">North--South.</subfield></datafield><datafield tag="506" ind1=" " ind2=" "><subfield code="a">Will require conservation work before use.</subfield></datafield><datafield tag="651" ind1=" " ind2="0"><subfield code="a">Asia</subfield><subfield code="z">Middle East</subfield><subfield code="z">Israel</subfield><subfield code="v">Maps.</subfield></datafield><datafield tag="913" ind1=" " ind2=" "><subfield code="1">126</subfield><subfield code="2">Printer</subfield><subfield code="5">Uncertain</subfield><subfield code="6">Full</subfield></datafield><datafield tag="949" ind1=" " ind2=" "><subfield code="a">MAPS 20-68-1,-2</subfield></datafield><datafield tag="999" ind1=" " ind2=" "><subfield code="a">MAP</subfield></datafield></record>