<record><leader>00884nem a2200265 a 4500</leader><controlfield tag="001">991000097059702696</controlfield><controlfield tag="005">20170202120808.0</controlfield><controlfield tag="008">051118s1898    xx            001 0 eng u</controlfield><datafield tag="035" ind1=" " ind2=" "><subfield code="a">(IL-JeALB)10306-972ai_inst</subfield></datafield><datafield tag="035" ind1=" " ind2=" "><subfield code="a">10306</subfield><subfield code="9">ExL</subfield></datafield><datafield tag="035" ind1=" " ind2=" "><subfield code="a">map00000095</subfield></datafield><datafield tag="100" ind1="1" ind2=" "><subfield code="a">van Sydow, E</subfield></datafield><datafield tag="245" ind1="1" ind2="0"><subfield code="a">Italien :</subfield><subfield code="b">Oro-Hydrographische Schul-Wandkarte 1:750,000.</subfield><subfield code="h">[map]</subfield></datafield><datafield tag="250" ind1=" " ind2=" "><subfield code="a">Zweite Auflage.</subfield></datafield><datafield tag="255" ind1=" " ind2=" "><subfield code="a">Scale 1:750,000.</subfield></datafield><datafield tag="260" ind1=" " ind2=" "><subfield code="a">Gotha :</subfield><subfield code="b">Justus Perthes,</subfield><subfield code="c">[1898?]</subfield></datafield><datafield tag="300" ind1=" " ind2=" "><subfield code="a">1 map on 1 sheet ;</subfield><subfield code="c">168 x 147 cm. on sheet 170 x 149 cm.</subfield></datafield><datafield tag="500" ind1=" " ind2=" "><subfield code="a">No. 11 from the wall-map series 'Sydow-Habenicht Methodischer Wand Atlas.'</subfield></datafield><datafield tag="500" ind1=" " ind2=" "><subfield code="a">Backed with cloth.</subfield></datafield><datafield tag="506" ind1=" " ind2=" "><subfield code="a">May require conservation work before use.</subfield></datafield><datafield tag="651" ind1=" " ind2="0"><subfield code="a">Europe</subfield><subfield code="z">Italy</subfield><subfield code="z">Ancient</subfield><subfield code="v">Maps.</subfield></datafield><datafield tag="913" ind1=" " ind2=" "><subfield code="1">107</subfield><subfield code="2">Publisher</subfield><subfield code="5">Uncertain</subfield><subfield code="6">Full</subfield></datafield><datafield tag="949" ind1=" " ind2=" "><subfield code="a">MAPS 27-98-2-2</subfield></datafield><datafield tag="951" ind1=" " ind2=" "><subfield code="a">360</subfield></datafield><datafield tag="999" ind1=" " ind2=" "><subfield code="a">MAP</subfield></datafield></record>