<record><leader>01395nem a2200229 a 4500</leader><controlfield tag="001">991000097099702696</controlfield><controlfield tag="005">20170202120812.0</controlfield><controlfield tag="008">051118s1918    gw        a  or |   ger d</controlfield><datafield tag="035" ind1=" " ind2=" "><subfield code="a">(IL-JeALB)10310-972ai_inst</subfield></datafield><datafield tag="035" ind1=" " ind2=" "><subfield code="a">10310</subfield><subfield code="9">ExL</subfield></datafield><datafield tag="035" ind1=" " ind2=" "><subfield code="a">map00000112</subfield></datafield><datafield tag="110" ind1="1" ind2=" "><subfield code="a">Reichsamt fuer Landesaufnahme</subfield></datafield><datafield tag="245" ind1="1" ind2="0"><subfield code="a">Karte von Palaestina 1:50,000</subfield><subfield code="h">[map]</subfield></datafield><datafield tag="250" ind1=" " ind2=" "><subfield code="a">1te verbesserte Ausgabe.</subfield></datafield><datafield tag="255" ind1=" " ind2=" "><subfield code="a">Scale 1:50,000.</subfield></datafield><datafield tag="260" ind1=" " ind2=" "><subfield code="a">Berlin :</subfield><subfield code="b">Reichskartenstelle,</subfield><subfield code="c">1918</subfield></datafield><datafield tag="300" ind1=" " ind2=" "><subfield code="a">1 map on 39 sheets ;</subfield><subfield code="c">50 x 52 cm. or smaller.</subfield></datafield><datafield tag="500" ind1=" " ind2=" "><subfield code="a">The map Palaestina 1:50,000 is bound together with some sheets from Palaestina 1:25,000.</subfield></datafield><datafield tag="505" ind1="0" ind2=" "><subfield code="a">Sheets: 34. Haifa -- 35. Nazareth -- 36. Tiberias -- 37. Mkes -- 38. El Mzerib -- 39. Chirbet El Razale -- 42. Kaisarje -- 43. Dschenin -- 44. Besan -- 45. Et Taijibe -- 46. Deraa -- 47. Dschize -- 48. Bosra -- 50. Tul Kerm -- 51. Nablus -- 52. Tubas -- 53. Adschlun -- 54. Dscherash -- 55. el Mefrak -- 58. Jaffa -- 59. Kalkilje -- 60. Lubban -- 61. Ed Damje -- 62. Es Salt -- 63. Kalaat ez Zerka -- 64. El Hallabat -- 67. Nahr Rubin -- 68. Ramle -- 69. Jerusalem -- 70. Jericho -- 71. Hesban -- 72. Amman -- 77. Dschulis -- 78. Bet Dschibrin -- 79. Bethlehem -- 80. Ain el Ruwer -- 81. Madeba -- 82. Kalaat Ziza -- 90. Ain Dschidi.</subfield></datafield><datafield tag="651" ind1=" " ind2="0"><subfield code="a">Asia</subfield><subfield code="z">Middle East</subfield><subfield code="z">Palestine</subfield><subfield code="v">Maps.</subfield></datafield><datafield tag="949" ind1=" " ind2=" "><subfield code="a">MAPS - Open Shelf Cabinet 43</subfield></datafield><datafield tag="999" ind1=" " ind2=" "><subfield code="a">MAP</subfield></datafield></record>