<record><leader>01360nem a2200301 a 4500</leader><controlfield tag="001">991000097119702696</controlfield><controlfield tag="005">20170202120813.0</controlfield><controlfield tag="008">051118s1954    xx            001 0 eng u</controlfield><datafield tag="035" ind1=" " ind2=" "><subfield code="a">(IL-JeALB)10312-972ai_inst</subfield></datafield><datafield tag="035" ind1=" " ind2=" "><subfield code="a">10312</subfield><subfield code="9">ExL</subfield></datafield><datafield tag="035" ind1=" " ind2=" "><subfield code="a">map00000103</subfield></datafield><datafield tag="110" ind1="1" ind2=" "><subfield code="a">Directorate General of Antiquities, Baghdad</subfield></datafield><datafield tag="245" ind1="1" ind2="0"><subfield code="a">Map of Ancient Sites of Iraq.</subfield><subfield code="h">[map]</subfield></datafield><datafield tag="255" ind1=" " ind2=" "><subfield code="a">Graphical scale bar: 11.2 cm. = 100 km.</subfield></datafield><datafield tag="260" ind1=" " ind2=" "><subfield code="a">Baghdad :</subfield><subfield code="b">Directorate General of Antiquities, Baghdad,</subfield><subfield code="c">1954.</subfield></datafield><datafield tag="300" ind1=" " ind2=" "><subfield code="a">1 map on 2 sheets ;</subfield><subfield code="c">51.5 x 85 cm. and  45 x 85 cm., on 2 sheets 60 x 91 cm. and  55 x 91 cm.</subfield></datafield><datafield tag="500" ind1=" " ind2=" "><subfield code="a">This is the same map as [Map of Ancient Sites of Iraq] (28-53-1), on a larger scale.</subfield></datafield><datafield tag="500" ind1=" " ind2=" "><subfield code="a">The Albright library has two copies of both North and South sheets.</subfield></datafield><datafield tag="500" ind1=" " ind2=" "><subfield code="a">With legend of historical periods.</subfield></datafield><datafield tag="505" ind1=" " ind2=" "><subfield code="a">[North sheet]--[South sheet].</subfield></datafield><datafield tag="506" ind1=" " ind2=" "><subfield code="a">May require conservation work before use.</subfield></datafield><datafield tag="546" ind1=" " ind2=" "><subfield code="a">English.</subfield></datafield><datafield tag="595" ind1=" " ind2=" "><subfield code="a">Sheet sizes: North sheet, 60 x 91 cm.; South sheet, 55 x 91 cm. Copy 2 of the North sheet has bottom strip (5 cm.) cut off.</subfield></datafield><datafield tag="651" ind1=" " ind2="0"><subfield code="a">Asia</subfield><subfield code="z">Middle East</subfield><subfield code="z">Iraq</subfield><subfield code="v">Maps.</subfield></datafield><datafield tag="913" ind1=" " ind2=" "><subfield code="1">115</subfield><subfield code="2">Publisher</subfield><subfield code="5">Uncertain</subfield><subfield code="6">Full</subfield></datafield><datafield tag="949" ind1=" " ind2=" "><subfield code="a">MAPS 28-54-1 (c. 1), -2 (c. 2)</subfield></datafield><datafield tag="951" ind1=" " ind2=" "><subfield code="a">258b (28-54-1, c.1), 258a (28-54-1, c.2), 217 (28-54-2, c.1), 257 (28-54-2, c.2).</subfield></datafield><datafield tag="999" ind1=" " ind2=" "><subfield code="a">MAP</subfield></datafield></record>