<record><leader>00955nem a2200253 a 4500</leader><controlfield tag="001">991000097129702696</controlfield><controlfield tag="005">20170202120813.0</controlfield><controlfield tag="008">051118s1953    xx            001 0 eng u</controlfield><datafield tag="035" ind1=" " ind2=" "><subfield code="a">(IL-JeALB)10313-972ai_inst</subfield></datafield><datafield tag="035" ind1=" " ind2=" "><subfield code="a">10313</subfield><subfield code="9">ExL</subfield></datafield><datafield tag="035" ind1=" " ind2=" "><subfield code="a">map00000104</subfield></datafield><datafield tag="110" ind1="1" ind2=" "><subfield code="a">Directorate General of Antiquities, Baghdad</subfield></datafield><datafield tag="245" ind1="1" ind2="1"><subfield code="a">[Map of Ancient Sites of Iraq].</subfield><subfield code="h">[map]</subfield></datafield><datafield tag="255" ind1=" " ind2=" "><subfield code="a">Graphical scale bar: 7.8 cm. = 112 kms. [1:1,422,222]</subfield></datafield><datafield tag="260" ind1=" " ind2=" "><subfield code="a">Baghdad :</subfield><subfield code="b">Directorate General of Antiquities, Baghdad,</subfield><subfield code="c">[1953?]</subfield></datafield><datafield tag="300" ind1=" " ind2=" "><subfield code="a">1 map on 1 sheet ;</subfield><subfield code="c">66.5 x 58.5 cm. on sheet 76 x 66 cm.</subfield></datafield><datafield tag="500" ind1=" " ind2=" "><subfield code="a">This is the same map as Map of Ancient Sites of Iraq (28-54-1,-2), on a smaller scale and with Arabic captions only.</subfield></datafield><datafield tag="506" ind1=" " ind2=" "><subfield code="a">May require conservation work before use.</subfield></datafield><datafield tag="546" ind1=" " ind2=" "><subfield code="a">Arabic.</subfield></datafield><datafield tag="651" ind1=" " ind2="0"><subfield code="a">Asia</subfield><subfield code="z">Middle East</subfield><subfield code="z">Iraq</subfield><subfield code="v">Maps.</subfield></datafield><datafield tag="913" ind1=" " ind2=" "><subfield code="1">116</subfield><subfield code="2">Publisher</subfield><subfield code="5">Uncertain</subfield><subfield code="6">Full</subfield></datafield><datafield tag="949" ind1=" " ind2=" "><subfield code="a">MAPS 28-53-1</subfield></datafield><datafield tag="951" ind1=" " ind2=" "><subfield code="a">259</subfield></datafield><datafield tag="999" ind1=" " ind2=" "><subfield code="a">MAP</subfield></datafield></record>