<record><leader>02352nem a2200337 a 4500</leader><controlfield tag="001">991000097139702696</controlfield><controlfield tag="005">20170117052020.0</controlfield><controlfield tag="008">051118s1880    xx            001 0 eng u</controlfield><datafield tag="035" ind1=" " ind2=" "><subfield code="a">(IL-JeALB)10314-972ai_inst</subfield></datafield><datafield tag="035" ind1=" " ind2=" "><subfield code="a">10314</subfield><subfield code="9">ExL</subfield></datafield><datafield tag="035" ind1=" " ind2=" "><subfield code="a">map00000120</subfield></datafield><datafield tag="100" ind1="1" ind2=" "><subfield code="a">Conder, Claude R</subfield></datafield><datafield tag="245" ind1="1" ind2="0"><subfield code="a">Map of Western Palestine.</subfield><subfield code="h">[map]</subfield></datafield><datafield tag="246" ind1=" " ind2=" "><subfield code="a">The survey of Western Palestine.</subfield></datafield><datafield tag="246" ind1=" " ind2=" "><subfield code="a">PEF survey of Western Palestine.</subfield></datafield><datafield tag="255" ind1=" " ind2=" "><subfield code="a">Scale 1:63,360.</subfield></datafield><datafield tag="260" ind1=" " ind2=" "><subfield code="a">London :</subfield><subfield code="b">Palestine Exploration Fund,</subfield><subfield code="c">1880.</subfield></datafield><datafield tag="300" ind1=" " ind2=" "><subfield code="a">1 map on 26 sheets, bound in 1 vol. ;</subfield><subfield code="c">46 x 65 cm. or smaller.</subfield></datafield><datafield tag="500" ind1=" " ind2=" "><subfield code="a">The map of Western Palestine was constructed from surveys conducted by C. R. Conder and H. H. Kitchener on behalf of the Palestine Exploration Fund between 1872 and 1878 (the last map was surveyed in 1878). The maps were drawn by Conder and Kitchener but the lettering and finishing was done mostly by J. Brophy and J. Maling of the Royal Engineers. The Albright copy is one of the subscriber's copies, no. 75, but the name of the original subscriber has not been preserved.  There is a key map at the front of the volume. The map sheets are numbered I-XXVI, but are not titled.</subfield></datafield><datafield tag="500" ind1=" " ind2=" "><subfield code="a">The library also holds the later 1897 edition (MAPS 2-1897).</subfield></datafield><datafield tag="500" ind1=" " ind2=" "><subfield code="a">One of the missing sheets (XXI [Nablous]) may be one of the 2 duplicate sheets from the 1897 binder.</subfield></datafield><datafield tag="505" ind1=" " ind2=" "><subfield code="a">The sheets are untitled, but titles have been added in manuscript. Sheets in the order of binding: I [Tyre] -- II [Banias] -- III [Acre] -- IV [Safed] -- V [Haifa] -- VI [Tiberias] -- VII [Caesarea] -- VIII [Jenin] -- IX [Beisan] -- X [Kfar Saba] -- XII [Tubas] -- XIII [Jaffa] -- XIV [Shiloh] -- XV [Akrabeh] -- XVI [Ashdod] -- XVII [Jerusalem] -- XVIII [Jericho] -- XIX [Gaza] -- XX [Beit Gibrin] -- XXI [Hebron] -- XXII [Ein Gedi] -- XXIII [Wady Ghuzzrh] -- XIV [Beer Sheba] -- XV [Tel Arad] -- XVI [Masada].</subfield></datafield><datafield tag="506" ind1=" " ind2=" "><subfield code="a">Will require conservation work before use.</subfield></datafield><datafield tag="530" ind1=" " ind2=" "><subfield code="a">Library also has a digitized version of this map on CD (GA1321.H6 2004).</subfield></datafield><datafield tag="651" ind1=" " ind2="0"><subfield code="a">Asia</subfield><subfield code="z">Middle East</subfield><subfield code="z">Palestine</subfield><subfield code="v">Maps.</subfield></datafield><datafield tag="700" ind1="1" ind2=" "><subfield code="a">Kitchener, H H</subfield></datafield><datafield tag="720" ind1="2" ind2=" "><subfield code="a">Ordnance Survey, Southampton</subfield><subfield code="e">, printer</subfield></datafield><datafield tag="913" ind1=" " ind2=" "><subfield code="1">132</subfield><subfield code="2">Publisher</subfield><subfield code="3">Printer</subfield><subfield code="5">Uncertain</subfield><subfield code="6">Full</subfield></datafield><datafield tag="949" ind1=" " ind2=" "><subfield code="a">Maps - Open Shelf Cabinet 2-1880</subfield></datafield><datafield tag="953" ind1=" " ind2=" "><subfield code="a">Was CM25.C751 ma</subfield></datafield><datafield tag="999" ind1=" " ind2=" "><subfield code="a">MAP</subfield></datafield></record>