<record><leader>00777nem a2200217 a 4500</leader><controlfield tag="001">991000097179702696</controlfield><controlfield tag="005">20171029111756.0</controlfield><controlfield tag="008">051118s1918    xx        a   r01   eng u</controlfield><datafield tag="035" ind1=" " ind2=" "><subfield code="a">(IL-JeALB)10318-972ai_inst</subfield></datafield><datafield tag="035" ind1=" " ind2=" "><subfield code="a">10318</subfield><subfield code="9">ExL</subfield></datafield><datafield tag="035" ind1=" " ind2=" "><subfield code="a">map00000117</subfield></datafield><datafield tag="245" ind1="0" ind2="1"><subfield code="a">[Palestine :</subfield><subfield code="b">] Hermon.</subfield><subfield code="h">[map]</subfield></datafield><datafield tag="255" ind1=" " ind2=" "><subfield code="a">Scale 1:250,000.</subfield></datafield><datafield tag="260" ind1=" " ind2=" "><subfield code="b">none,</subfield><subfield code="c">1918.</subfield></datafield><datafield tag="300" ind1=" " ind2=" "><subfield code="a">1 map on 1 sheet ;</subfield><subfield code="c">28 x 39 cm. on sheet 47 x 36 cm.</subfield></datafield><datafield tag="500" ind1=" " ind2=" "><subfield code="a">Marked 'Verm. Abt.27' in the lower right hand margin. This sheet, Hermon, probably comes from a German map of Palestine or Syria, 1:250,000.</subfield></datafield><datafield tag="506" ind1=" " ind2=" "><subfield code="a">May require conservation work before use.</subfield></datafield><datafield tag="651" ind1=" " ind2="0"><subfield code="a">Asia</subfield><subfield code="z">Middle East</subfield><subfield code="z">Palestine</subfield><subfield code="z">Hermon</subfield><subfield code="v">Maps.</subfield></datafield><datafield tag="913" ind1=" " ind2=" "><subfield code="1">129</subfield><subfield code="5">Uncertain</subfield><subfield code="6">Full</subfield></datafield><datafield tag="949" ind1=" " ind2=" "><subfield code="a">MAPS 20-18-00</subfield></datafield><datafield tag="999" ind1=" " ind2=" "><subfield code="a">MAP</subfield></datafield></record>