<record><leader>00800nem a2200217 a 4500</leader><controlfield tag="001">991000097199702696</controlfield><controlfield tag="005">20171105122424.0</controlfield><controlfield tag="008">051118s1971    cy        a   r 1   eng c</controlfield><datafield tag="035" ind1=" " ind2=" "><subfield code="a">(IL-JeALB)10320-972ai_inst</subfield></datafield><datafield tag="035" ind1=" " ind2=" "><subfield code="a">10320</subfield><subfield code="9">ExL</subfield></datafield><datafield tag="035" ind1=" " ind2=" "><subfield code="a">map00000078</subfield></datafield><datafield tag="110" ind1="1" ind2=" "><subfield code="a">Cyprus. Dept. of Lands &amp; Surveys</subfield></datafield><datafield tag="245" ind1="1" ind2="0"><subfield code="a">Survey of Cyprus Administration &amp; Road Map.</subfield><subfield code="h">[map]</subfield></datafield><datafield tag="255" ind1=" " ind2=" "><subfield code="a">Scale 1:250,000.</subfield></datafield><datafield tag="260" ind1=" " ind2=" "><subfield code="b">Dept. of Lands &amp; Surveys, Cyprus,</subfield><subfield code="c">1971.</subfield></datafield><datafield tag="300" ind1=" " ind2=" "><subfield code="a">1 map on 1 sheet ;</subfield><subfield code="c">54.5 x 88 cm. on sheet 58 x 91 cm.</subfield></datafield><datafield tag="500" ind1=" " ind2=" "><subfield code="a">With seven inset maps on the verso: Troodos and Pano Platres, Nicosia, Famagusta &amp; Varosha, Paphos, Kyrenia, Larnaca &amp; Scala, Limassol.</subfield></datafield><datafield tag="651" ind1=" " ind2="0"><subfield code="a">Europe</subfield><subfield code="z">Cyprus</subfield><subfield code="v">Maps.</subfield></datafield><datafield tag="913" ind1=" " ind2=" "><subfield code="1">90</subfield><subfield code="2">Publisher</subfield><subfield code="5">Uncertain</subfield><subfield code="6">Full</subfield></datafield><datafield tag="949" ind1=" " ind2=" "><subfield code="a">MAPS 26-71-1</subfield></datafield><datafield tag="999" ind1=" " ind2=" "><subfield code="a">MAP</subfield></datafield></record>