<record><leader>00820nem a2200265 a 4500</leader><controlfield tag="001">991000097209702696</controlfield><controlfield tag="005">20171105122326.0</controlfield><controlfield tag="008">051118s1935    cy        a   r 1   eng c</controlfield><datafield tag="035" ind1=" " ind2=" "><subfield code="a">(IL-JeALB)10321-972ai_inst</subfield></datafield><datafield tag="035" ind1=" " ind2=" "><subfield code="a">10321</subfield><subfield code="9">ExL</subfield></datafield><datafield tag="035" ind1=" " ind2=" "><subfield code="a">map00000077</subfield></datafield><datafield tag="110" ind1="1" ind2=" "><subfield code="a">Cyprus. Land Registration</subfield></datafield><datafield tag="245" ind1="1" ind2="0"><subfield code="a">Survey of Cyprus [Key map].</subfield><subfield code="h">[map]</subfield></datafield><datafield tag="255" ind1=" " ind2=" "><subfield code="a">Scale 1:253,440.</subfield></datafield><datafield tag="260" ind1=" " ind2=" "><subfield code="a">Southampton :</subfield><subfield code="b">Ordnance Survey,</subfield><subfield code="c">1935.</subfield></datafield><datafield tag="300" ind1=" " ind2=" "><subfield code="a">1 map on 1 sheet ;</subfield><subfield code="c">53.5 x 85.5 cm. on sheet 66 x 99 cm.</subfield></datafield><datafield tag="500" ind1=" " ind2=" "><subfield code="a">Two copies.</subfield></datafield><datafield tag="500" ind1=" " ind2=" "><subfield code="a">With an inset of Nicosia town.</subfield></datafield><datafield tag="506" ind1=" " ind2=" "><subfield code="a">May require conservation work before use.</subfield></datafield><datafield tag="651" ind1=" " ind2="0"><subfield code="a">Europe</subfield><subfield code="z">Cyprus</subfield><subfield code="v">Maps.</subfield></datafield><datafield tag="700" ind1="1" ind2=" "><subfield code="a">Salmon, F J</subfield><subfield code="e">, editor.</subfield></datafield><datafield tag="913" ind1=" " ind2=" "><subfield code="1">89</subfield><subfield code="2">Printer</subfield><subfield code="5">Uncertain</subfield><subfield code="6">Full</subfield></datafield><datafield tag="949" ind1=" " ind2=" "><subfield code="a">MAPS 26-35-1, -1a</subfield></datafield><datafield tag="951" ind1=" " ind2=" "><subfield code="a">170</subfield></datafield><datafield tag="999" ind1=" " ind2=" "><subfield code="a">MAP</subfield></datafield></record>