<record><leader>01243nem a2200289 a 4500</leader><controlfield tag="001">991000097219702696</controlfield><controlfield tag="005">20171126110916.0</controlfield><controlfield tag="008">051118s1910    gw b      a   r 0   lat c</controlfield><datafield tag="035" ind1=" " ind2=" "><subfield code="a">(IL-JeALB)10322-972ai_inst</subfield></datafield><datafield tag="035" ind1=" " ind2=" "><subfield code="a">10322</subfield><subfield code="9">ExL</subfield></datafield><datafield tag="035" ind1=" " ind2=" "><subfield code="a">map00000089</subfield></datafield><datafield tag="100" ind1="1" ind2=" "><subfield code="a">Kiepert, Heinrich,</subfield><subfield code="d">1818-1899</subfield></datafield><datafield tag="245" ind1="1" ind2="0"><subfield code="a">Syria. Mesopotamia. Assyria. Armenia Maior.</subfield><subfield code="h">[map]</subfield></datafield><datafield tag="255" ind1=" " ind2=" "><subfield code="a">Scale 1:2,200,000.</subfield></datafield><datafield tag="260" ind1=" " ind2=" "><subfield code="a">Berlin :</subfield><subfield code="b">D. Reimer,</subfield><subfield code="c">1910.</subfield></datafield><datafield tag="300" ind1=" " ind2=" "><subfield code="a">1 map on 1 sheet ;</subfield><subfield code="c">43.5 x 55.5 cm. on sheet 52 x 65 cm.</subfield></datafield><datafield tag="500" ind1=" " ind2=" "><subfield code="a">Section V from Kiepert's atlas of the ancient world, 'Formae Orbis Antiqui'. With accompanying text, p. 1-8.</subfield></datafield><datafield tag="501" ind1=" " ind2=" "><subfield code="a">With: Palaestina (27A-93-6) -- Phocis. Boeotia. Attica. Athenae (27A-93-14) -- Italiae Pars Media (27A-93-20) -- Gallia secondo et tertio p. Chr. n. saeculo (27A-93-25) -- Insulae Britannicae (27A-93-26).</subfield></datafield><datafield tag="506" ind1=" " ind2=" "><subfield code="a">May require conservation work before use.</subfield></datafield><datafield tag="651" ind1=" " ind2="0"><subfield code="a">Asia</subfield><subfield code="z">Middle</subfield><subfield code="z">East</subfield><subfield code="z">Ancient</subfield><subfield code="v">Maps.</subfield></datafield><datafield tag="700" ind1="1" ind2=" "><subfield code="a">Kiepert, R</subfield><subfield code="e">, artist</subfield></datafield><datafield tag="700" ind1="1" ind2=" "><subfield code="a">Serbeck, R</subfield><subfield code="e">, engraver</subfield></datafield><datafield tag="773" ind1="0" ind2=" "><subfield code="t">Formae Orbis Antiqui,</subfield><subfield code="o">MAPS 27A-93</subfield><subfield code="w">991000118919702696</subfield></datafield><datafield tag="913" ind1=" " ind2=" "><subfield code="1">101</subfield><subfield code="2">Publisher</subfield><subfield code="5">Uncertain</subfield><subfield code="6">Full</subfield></datafield><datafield tag="949" ind1=" " ind2=" "><subfield code="a">MAPS 27A-93-5</subfield></datafield><datafield tag="951" ind1=" " ind2=" "><subfield code="a">250 (map), 250a (suppl.)</subfield></datafield><datafield tag="999" ind1=" " ind2=" "><subfield code="a">MAP</subfield></datafield></record>