<record><leader>00767nem a2200229 a 4500</leader><controlfield tag="001">991000097229702696</controlfield><controlfield tag="005">20170202120813.0</controlfield><controlfield tag="008">051118s1954    xx            001 0 eng u</controlfield><datafield tag="035" ind1=" " ind2=" "><subfield code="a">(IL-JeALB)10324-972ai_inst</subfield></datafield><datafield tag="035" ind1=" " ind2=" "><subfield code="a">10324</subfield><subfield code="9">ExL</subfield></datafield><datafield tag="035" ind1=" " ind2=" "><subfield code="a">map00000100</subfield></datafield><datafield tag="100" ind1="1" ind2=" "><subfield code="a">Meyer, G R</subfield></datafield><datafield tag="245" ind1="1" ind2="0"><subfield code="a">Vorderasien im Altertum.</subfield><subfield code="h">[map]</subfield></datafield><datafield tag="255" ind1=" " ind2=" "><subfield code="a">Graphical scale bar: 16.2 cm. = 500 km.</subfield></datafield><datafield tag="260" ind1=" " ind2=" "><subfield code="a">Berlin :</subfield><subfield code="b">Vorderasiatisches Museum,</subfield><subfield code="c">1954.</subfield></datafield><datafield tag="300" ind1=" " ind2=" "><subfield code="a">1 map on 1 sheet ;</subfield><subfield code="c">57 x 77 cm. on sheet 59 x 84 cm.</subfield></datafield><datafield tag="506" ind1=" " ind2=" "><subfield code="a">May require conservation work before use.</subfield></datafield><datafield tag="541" ind1=" " ind2=" "><subfield code="c">Gift</subfield><subfield code="a">From the library of Edmund I. Gordon</subfield><subfield code="d">1979</subfield></datafield><datafield tag="651" ind1=" " ind2="0"><subfield code="a">Asia</subfield><subfield code="z">Middle East</subfield><subfield code="z">Ancient</subfield><subfield code="v">Maps.</subfield></datafield><datafield tag="913" ind1=" " ind2=" "><subfield code="1">112</subfield><subfield code="2">Publisher</subfield><subfield code="5">Uncertain</subfield><subfield code="6">Full</subfield></datafield><datafield tag="949" ind1=" " ind2=" "><subfield code="a">MAPS 28-54-00</subfield></datafield><datafield tag="999" ind1=" " ind2=" "><subfield code="a">MAP</subfield></datafield></record>