<record><leader>02113nem a2200253 a 4500</leader><controlfield tag="001">991000097259702696</controlfield><controlfield tag="005">20170117052020.0</controlfield><controlfield tag="008">051118s1869    xx            001 0 eng u</controlfield><datafield tag="035" ind1=" " ind2=" "><subfield code="a">(IL-JeALB)10327-972ai_inst</subfield></datafield><datafield tag="035" ind1=" " ind2=" "><subfield code="a">10327</subfield><subfield code="9">ExL</subfield></datafield><datafield tag="035" ind1=" " ind2=" "><subfield code="a">map00000130</subfield></datafield><datafield tag="100" ind1="1" ind2=" "><subfield code="a">Wilson, Charles William,</subfield><subfield code="c">Sir,</subfield><subfield code="d">1836-1905.</subfield></datafield><datafield tag="245" ind1="1" ind2="0"><subfield code="a">Ordnance Survey of the Peninsula of Sinai.</subfield><subfield code="h">[map]</subfield></datafield><datafield tag="255" ind1=" " ind2=" "><subfield code="a">Scales vary.</subfield></datafield><datafield tag="260" ind1=" " ind2=" "><subfield code="a">Southampton :</subfield><subfield code="b">Ordnance Survey Office,</subfield><subfield code="c">1869.</subfield></datafield><datafield tag="300" ind1=" " ind2=" "><subfield code="a">2 vols. (of 5) : Text - [4], 324 p., 12 col. pl., 8 monochrome pl. Maps - 10 folded maps</subfield><subfield code="c">123 x 94 cm. or smaller</subfield></datafield><datafield tag="505" ind1=" " ind2=" "><subfield code="a">The ordnance survey of the Sinai peninsula consists of one volume of text [44], with a separate album of 10 folded maps [45]. The text volume includes 20 (12 col., 8 monochrome) numbered lithographed plates of views, antiquities, diagrams, and zoological and geological specimens. Several plates depict details from the monastery of St. Katharine. The survey was originally published in 5 volumes, with 3 volumes of more than 150 mounted photographs, which the library does not hold.</subfield></datafield><datafield tag="651" ind1=" " ind2="0"><subfield code="a">Asia</subfield><subfield code="z">Middle East</subfield><subfield code="z">Sinai Peninsula</subfield><subfield code="v">Maps.</subfield></datafield><datafield tag="700" ind1="1" ind2=" "><subfield code="a">Palmer, H S</subfield></datafield><datafield tag="774" ind1="0" ind2=" "><subfield code="i">See also individual records for:</subfield><subfield code="t">Ordnance Survey of Mount Serbal : Hill Shaded (45-09-770), Ordnance Survey of Mount Serbal : Outline (45-08-768),  Ordnance Survey of Mount Serbal : Sections (45-10-769), Ordnance Survey of Mount Sinai : Hill Shaded (45-06-765), Ordnance  Survey of Mount Sinai : Outline (45-05-767), Ordnance Survey of Mount Sinai : Sections at Mt. Sinai (45-07-766), Ordnance  Survey of the Peninsula of Sinai : Peninsula of Sinai (45-01-763), Ordnance Survey of the Peninsula of Sinai : Peninsula of Sinai  Geologically Colored (45-02-761), Ordnance Survey of the Peninsula of Sinai : Peninsula of Sinai Sheet 1: Outline (45-03-762),  Ordnance Survey of the Peninsula of Sinai : Peninsula of Sinai Sheet 1:Hill Shaded (45-04-764).</subfield></datafield><datafield tag="941" ind1=" " ind2=" "><subfield code="c">Gift of</subfield><subfield code="a">The Palestine Exploration Fund</subfield><subfield code="d">1903.</subfield></datafield><datafield tag="949" ind1=" " ind2=" "><subfield code="a">Maps - Open Shelf Cabinet 44 (text) &amp; 45 (maps)</subfield></datafield><datafield tag="953" ind1=" " ind2=" "><subfield code="a">was CN4.W692o.</subfield></datafield><datafield tag="999" ind1=" " ind2=" "><subfield code="a">MAP</subfield></datafield></record>