<record><leader>01472nem a2200241 a 4500</leader><controlfield tag="001">991000097359702696</controlfield><controlfield tag="005">20170202120814.0</controlfield><controlfield tag="008">051118s1869    xx            001 0 eng u</controlfield><datafield tag="035" ind1=" " ind2=" "><subfield code="a">(IL-JeALB)10337-972ai_inst</subfield></datafield><datafield tag="035" ind1=" " ind2=" "><subfield code="a">10337</subfield><subfield code="9">ExL</subfield></datafield><datafield tag="035" ind1=" " ind2=" "><subfield code="a">map00000124</subfield></datafield><datafield tag="100" ind1="1" ind2=" "><subfield code="a">Wilson, Charles William,</subfield><subfield code="c">Sir,</subfield><subfield code="d">1836-1905.</subfield></datafield><datafield tag="245" ind1="1" ind2="0"><subfield code="a">Ordnance Survey of the Peninsula of Sinai :</subfield><subfield code="b">Peninsula of Sinai Sheet 1:Hill Shaded.</subfield><subfield code="h">[map]</subfield></datafield><datafield tag="255" ind1=" " ind2=" "><subfield code="a">Scale 1:126,720 (1 in. = 2 miles).</subfield></datafield><datafield tag="260" ind1=" " ind2=" "><subfield code="a">Southampton :</subfield><subfield code="b">Ordnance Survey Office,</subfield><subfield code="c">1869.</subfield></datafield><datafield tag="300" ind1=" " ind2=" "><subfield code="a">1 map on 1 sheet ;</subfield><subfield code="c">123 x 94 cm.</subfield></datafield><datafield tag="501" ind1=" " ind2=" "><subfield code="a">Ordnance Survey of Mount Serbal : Hill Shaded (45-09-770), Ordnance Survey of Mount Serbal : Outline (45-08- 768), Ordnance Survey of Mount Serbal : Sections (45-10-769), Ordnance Survey of Mount Sinai : Hill Shaded (45-06-765),  Ordnance Survey of Mount Sinai : Outline (45-05-767), Ordnance Survey of Mount Sinai : Sections at Mt. Sinai (45-07-766),  Ordnance Survey of the Peninsula of Sinai : Peninsula of Sinai (45-01-763), Ordnance Survey of the Peninsula of Sinai : Peninsula  of Sinai Geologically Colored (45-02-761), Ordnance Survey of the Peninsula of Sinai : Peninsula of Sinai Sheet 1: Outline (45-03- 762).</subfield></datafield><datafield tag="651" ind1=" " ind2="0"><subfield code="a">Asia</subfield><subfield code="z">Middle East</subfield><subfield code="z">Sinai Peninsula</subfield><subfield code="v">Maps.</subfield></datafield><datafield tag="700" ind1="1" ind2=" "><subfield code="a">Palmer, H S</subfield></datafield><datafield tag="773" ind1="0" ind2=" "><subfield code="t">Ordnance Survey of the Peninsula of Sinai,</subfield><subfield code="o">MAPS 44 &amp; 45 (CN4.W692o)</subfield></datafield><datafield tag="913" ind1=" " ind2=" "><subfield code="1">136</subfield><subfield code="2">Publisher</subfield><subfield code="5">Uncertain</subfield><subfield code="6">Full</subfield></datafield><datafield tag="949" ind1=" " ind2=" "><subfield code="a">MAPS 45-04-764</subfield></datafield><datafield tag="999" ind1=" " ind2=" "><subfield code="a">MAP</subfield></datafield></record>