<record><leader>01116nem a2200265 a 4500</leader><controlfield tag="001">991000097369702696</controlfield><controlfield tag="005">20170625070205.0</controlfield><controlfield tag="008">051118s1898    xx        b    01   lat c</controlfield><datafield tag="035" ind1=" " ind2=" "><subfield code="a">(IL-JeALB)10338-972ai_inst</subfield></datafield><datafield tag="035" ind1=" " ind2=" "><subfield code="a">10338</subfield><subfield code="9">ExL</subfield></datafield><datafield tag="035" ind1=" " ind2=" "><subfield code="a">map00000087</subfield></datafield><datafield tag="245" ind1="1" ind2="0"><subfield code="a">Tabulae Maximae quibus illustrantur terrae veterum in usum scholarum [Graecia, Italia, Gallia, Imperium Romanum].</subfield><subfield code="h">[map]</subfield></datafield><datafield tag="255" ind1=" " ind2=" "><subfield code="a">Scales vary [Greece 1:375,000].</subfield></datafield><datafield tag="260" ind1=" " ind2=" "><subfield code="a">Gotha :</subfield><subfield code="b">Justus Perthes,</subfield><subfield code="c">[1898?]</subfield></datafield><datafield tag="300" ind1=" " ind2=" "><subfield code="a">1 map on 4 sheets ;</subfield><subfield code="c">196 x 166.5 or smaller, on 4 sheets 198 x 168 cm. or smaller.</subfield></datafield><datafield tag="500" ind1=" " ind2=" "><subfield code="a">Backed with cloth.</subfield></datafield><datafield tag="505" ind1=" " ind2=" "><subfield code="a">Tabula I. Graecia--Tabula II. Italia--Tabula III. Gallia--Tabula IV. Imperium Romanum.</subfield></datafield><datafield tag="506" ind1=" " ind2=" "><subfield code="a">Will require conservation work before use.</subfield></datafield><datafield tag="595" ind1=" " ind2=" "><subfield code="a">Sheet sizes: I, 168 x 148 cm.;  II, 168 x 149 cm.; III, 168 x 149; IV, 198 x 168 cm.</subfield></datafield><datafield tag="651" ind1=" " ind2="0"><subfield code="a">Europe</subfield><subfield code="z">Ancient World</subfield><subfield code="v">Maps.</subfield></datafield><datafield tag="700" ind1="1" ind2=" "><subfield code="a">de Kampen, A</subfield><subfield code="e">, editor</subfield></datafield><datafield tag="913" ind1=" " ind2=" "><subfield code="1">99</subfield><subfield code="2">Publisher</subfield><subfield code="5">Uncertain</subfield><subfield code="6">Full</subfield></datafield><datafield tag="949" ind1=" " ind2=" "><subfield code="a">MAPS 27-98-1, -2-1, -3, -4</subfield></datafield><datafield tag="951" ind1=" " ind2=" "><subfield code="a">116 (I), 416 (II), 2 (III), 359 (IV)</subfield></datafield><datafield tag="999" ind1=" " ind2=" "><subfield code="a">MAP</subfield></datafield></record>