<record><leader>02833nem a2200289 a 4500</leader><controlfield tag="001">991000097379702696</controlfield><controlfield tag="005">20170202120814.0</controlfield><controlfield tag="008">051118s1865    xx            001 0 eng u</controlfield><datafield tag="035" ind1=" " ind2=" "><subfield code="a">(IL-JeALB)10341-972ai_inst</subfield></datafield><datafield tag="035" ind1=" " ind2=" "><subfield code="a">10341</subfield><subfield code="9">ExL</subfield></datafield><datafield tag="035" ind1=" " ind2=" "><subfield code="a">map00000073</subfield></datafield><datafield tag="210" ind1=" " ind2=" "><subfield code="a">TAVO</subfield></datafield><datafield tag="245" ind1="1" ind2="0"><subfield code="a">Tbinger Atlas des Vorderen Orients</subfield><subfield code="h">[map]</subfield></datafield><datafield tag="255" ind1=" " ind2=" "><subfield code="a">Scales vary.</subfield></datafield><datafield tag="260" ind1=" " ind2=" "><subfield code="a">Wiesbaden :</subfield><subfield code="b">Ludwig Reichert Verlag,</subfield><subfield code="c">1977-1993.</subfield></datafield><datafield tag="300" ind1=" " ind2=" "><subfield code="a">295 sheets</subfield><subfield code="c">50 x 70 cm. or smaller, on 295 sheets 50 x 72 cm.</subfield></datafield><datafield tag="500" ind1=" " ind2=" "><subfield code="a">'Edited by Special Research Division 19 of the University of Tubingen supported by the Deutsche Forschungsgemeinschaft'.</subfield></datafield><datafield tag="505" ind1=" " ind2=" "><subfield code="a">Part A. Geography -- A I. Relief, Hydrology and Settlements (8 sheets) -- A II. Geology (7 sheets) -- A III. Geomorphology (8 sheets) -- A IV. Climate (5 sheets) -- A V. Hydrogeography (4 sheets) -- A VI. Vegetation/Fauna (21 sheets) -- A VII. Natural Regions (4 sheets) -- A VIII. Population (21 sheets) -- A IX. Settlement (16 sheets) -- A X. Economy and Communication (27 sheets) -- Part B. Ancient History -- B I. Stone Age (19 sheets) -- B II. Early and Middle Bronze Age (20 sheets) -- B III. Second Half of the 2nd Millenium BC (8 sheets) -- B IV. The First Millenium BC Down to the Time of Alexander the Great (25 sheets) -- B V. Hellenism and the Roman Periods (21 sheets) -- B VI. Late Antiquity (14 sheets) -- B VII. The Expansion of Islam up to the Time of the First Crusade (1096) (21 sheets) -- B VIII. From The Crusader Period up to 1510 (16 sheets) -- B IX. The Ottoman Period up to 1918 (17 sheets) -- B X. The Period Since The First World War (9 sheets) -- B S. Historical Maps (4 sheets).</subfield></datafield><datafield tag="555" ind1=" " ind2=" "><subfield code="a">General index to the atlas published as:</subfield><subfield code="d">Tbinger Atlas des Vorderen Orients : Register zu den Karten = general index / bearbeitet von Beate Siewert-Mayer et al. [herausgegeben von Horst Kopp und Wolfgang Rllig]. 3 vols. Wiesbaden : Reichert, 1994.</subfield><subfield code="b">Available in the library under call number DS44.96.T82.</subfield></datafield><datafield tag="700" ind1=" " ind2=" "><subfield code="a">Kopp, Horst</subfield></datafield><datafield tag="700" ind1=" " ind2=" "><subfield code="a">Rollig, Wolfgang</subfield></datafield><datafield tag="700" ind1=" " ind2=" "><subfield code="a">Hohfeld, Volker</subfield></datafield><datafield tag="700" ind1=" " ind2=" "><subfield code="a">Szydlak, Richard</subfield></datafield><datafield tag="710" ind1="1" ind2=" "><subfield code="a">Tubingen University</subfield><subfield code="e">, editor</subfield></datafield><datafield tag="949" ind1=" " ind2=" "><subfield code="a">MAPS 3 - 9</subfield></datafield><datafield tag="953" ind1=" " ind2=" "><subfield code="n">DRAWER 3: folder 1: sheets AI-AII; folder 2: sheets AIII-AV; folder 3: sheets AVI. DRAWER 4: folder 4: sheets AVII; folder 5: sheets AVIII; folder 6: sheets AIX. DRAWER 5: folder 7a: sheets AX 1-AX 10;  folder 7b: sheets AX 11-AX 20. DRAWER 6: folder 8: sheets BI; folder 9a: sheets BII 1-BII 9; folder 9b: sheets BII 10-BII 15; folder 10: sheets BIII. DRAWER 7: folder 11a: sheets BIV 1-BIV 8; folder 11b: sheets BIV 9-BIV 23; folder 12: sheets BV. DRAWER 8: folder 13: sheets BVI; folder 14: sheets BVII; folder 15: sheets BVIII. DRAWER 9: folder 16: sheets BIX; folder 17: sheets BX; folder 18: sheets BS.</subfield></datafield><datafield tag="999" ind1=" " ind2=" "><subfield code="a">MAP</subfield></datafield></record>