<record><leader>01115nem a2200301   4500</leader><controlfield tag="001">991000104859702696</controlfield><controlfield tag="005">20170202120814.0</controlfield><controlfield tag="008">051118s1898    xx            001 0 eng u</controlfield><datafield tag="035" ind1=" " ind2=" "><subfield code="a">(IL-JeALB)11182-972ai_inst</subfield></datafield><datafield tag="035" ind1=" " ind2=" "><subfield code="a">11182</subfield><subfield code="9">ExL</subfield></datafield><datafield tag="035" ind1=" " ind2=" "><subfield code="a">map00000147</subfield></datafield><datafield tag="100" ind1="1" ind2=" "><subfield code="a">Ashbel, D</subfield></datafield><datafield tag="245" ind1="1" ind2="0"><subfield code="a">Rainfall map: Palestine, Transjordan, Southern Syria, Southern Lebanon; average for the period 1859-1938.</subfield><subfield code="h">[map]</subfield></datafield><datafield tag="250" ind1=" " ind2=" "><subfield code="a">3rd, corr. ed.</subfield></datafield><datafield tag="255" ind1=" " ind2=" "><subfield code="a">Scale not given.</subfield></datafield><datafield tag="260" ind1=" " ind2=" "><subfield code="a">Jerusalem :</subfield><subfield code="b">Hebrew University Press, with the aid of the Jewish Agency for Palestine</subfield><subfield code="c">[1939?]</subfield></datafield><datafield tag="300" ind1=" " ind2=" "><subfield code="a">1 map on 1 sheet ;</subfield><subfield code="c">53.9 x 78.5 cm. on sheet 58 x 81 cm.</subfield></datafield><datafield tag="500" ind1=" " ind2=" "><subfield code="a">Includes rainfall comparison table.</subfield></datafield><datafield tag="500" ind1=" " ind2=" "><subfield code="a">Mounted on board. Bottom cut off.</subfield></datafield><datafield tag="546" ind1=" " ind2=" "><subfield code="a">English and Hebrew.</subfield></datafield><datafield tag="651" ind1=" " ind2="0"><subfield code="a">Asia</subfield><subfield code="z">Middle East</subfield><subfield code="z">Palestine</subfield><subfield code="v">Maps.</subfield></datafield><datafield tag="651" ind1=" " ind2="0"><subfield code="a">Asia</subfield><subfield code="z">Middle East</subfield><subfield code="z">Transjordan</subfield><subfield code="v">Maps.</subfield></datafield><datafield tag="651" ind1=" " ind2="0"><subfield code="a">Asia</subfield><subfield code="z">Middle East</subfield><subfield code="z">Syria, Southern</subfield><subfield code="v">Maps.</subfield></datafield><datafield tag="651" ind1=" " ind2="0"><subfield code="a">Asia</subfield><subfield code="z">Middle East</subfield><subfield code="z">Lebanon, Southern</subfield><subfield code="v">Maps.</subfield></datafield><datafield tag="913" ind1=" " ind2=" "><subfield code="2">Publisher</subfield><subfield code="5">Uncertain</subfield><subfield code="6">Full</subfield></datafield><datafield tag="949" ind1=" " ind2=" "><subfield code="a">MAPS 23A-04-1</subfield></datafield><datafield tag="951" ind1=" " ind2=" "><subfield code="a">365</subfield></datafield><datafield tag="999" ind1=" " ind2=" "><subfield code="a">MAP</subfield></datafield></record>