<record><leader>01157nem a2200265   4500</leader><controlfield tag="001">991000104879702696</controlfield><controlfield tag="005">20170202120815.0</controlfield><controlfield tag="008">051118s1898    xx            001 0 eng u</controlfield><datafield tag="035" ind1=" " ind2=" "><subfield code="a">(IL-JeALB)11184-972ai_inst</subfield></datafield><datafield tag="035" ind1=" " ind2=" "><subfield code="a">11184</subfield><subfield code="9">ExL</subfield></datafield><datafield tag="035" ind1=" " ind2=" "><subfield code="a">map00000149</subfield></datafield><datafield tag="100" ind1="1" ind2=" "><subfield code="a">Salmon, F J</subfield></datafield><datafield tag="245" ind1="1" ind2="0"><subfield code="a">Palestine of the Old Testament.</subfield><subfield code="h">[map]</subfield></datafield><datafield tag="255" ind1=" " ind2=" "><subfield code="a">Scale 1:500,000.</subfield></datafield><datafield tag="260" ind1=" " ind2=" "><subfield code="a">Jaffa :</subfield><subfield code="b">Survey of Palestine,</subfield><subfield code="c">1938</subfield></datafield><datafield tag="300" ind1=" " ind2=" "><subfield code="a">1 map on 1 sheet ;</subfield><subfield code="c">31.6 x 50.6 cm. on sheet 37 x 63 cm.</subfield></datafield><datafield tag="500" ind1=" " ind2=" "><subfield code="a">'Compiled, drawn and printed under the direction of  F.J. Salmon, Commissioner for Lands and Surveys, Palestine.  Collaborators in the compilation: Pre Abel of the cole Biblique et Archologique Franaise; Dr. Glueck of the American School of Oriental Research; Professor Klein of the Hebrew University; P.L.O. Guy of the British School of Archaeology.'</subfield></datafield><datafield tag="500" ind1=" " ind2=" "><subfield code="a">Includes inset: Southern Palestine, 1:1,500,000.</subfield></datafield><datafield tag="500" ind1=" " ind2=" "><subfield code="a">Mounted on board.</subfield></datafield><datafield tag="546" ind1=" " ind2=" "><subfield code="a">English.</subfield></datafield><datafield tag="651" ind1=" " ind2="0"><subfield code="a">Asia</subfield><subfield code="z">Middle East</subfield><subfield code="z">Palestine</subfield><subfield code="v">Maps.</subfield></datafield><datafield tag="913" ind1=" " ind2=" "><subfield code="2">Publisher</subfield><subfield code="5">Uncertain</subfield><subfield code="6">Full</subfield></datafield><datafield tag="949" ind1=" " ind2=" "><subfield code="a">MAPS 23A-02-2</subfield></datafield><datafield tag="951" ind1=" " ind2=" "><subfield code="a">364</subfield></datafield><datafield tag="999" ind1=" " ind2=" "><subfield code="a">MAP</subfield></datafield></record>