<record><leader>02218nem a2200289 a 4500</leader><controlfield tag="001">991000110159702696</controlfield><controlfield tag="005">20190124185713.0</controlfield><controlfield tag="008">051118s1795    xx            001 0 eng u</controlfield><datafield tag="035" ind1=" " ind2=" "><subfield code="a">(IL-JeALB)12395-972ai_inst</subfield></datafield><datafield tag="035" ind1=" " ind2=" "><subfield code="a">12395</subfield><subfield code="9">ExL</subfield></datafield><datafield tag="035" ind1=" " ind2=" "><subfield code="a">map00000034</subfield></datafield><datafield tag="040" ind1=" " ind2=" "><subfield code="a">IL-JeALB</subfield></datafield><datafield tag="100" ind1="1" ind2=" "><subfield code="a">D'Anville, JB</subfield></datafield><datafield tag="245" ind1="1" ind2="0"><subfield code="a">Egypt, called in the country Missir, by J.B. D'Anville, of the Royal Academy of Belles Lettres, &amp; of that of Sciences of Petersburg.</subfield><subfield code="h">[map]</subfield></datafield><datafield tag="255" ind1=" " ind2=" "><subfield code="a">Graphical scale bar: 9.5 cm. = 80 English statute miles.</subfield></datafield><datafield tag="255" ind1=" " ind2=" "><subfield code="a">9 graphical scale bars with legend as follows: 'Roman Miles rated at 756 Toises. Grecian Stades eight of which correspond to a Roman Mile. Grecian Miles and common in Turkey rated at 7 Stades. Arabian Miles rated at 1000 Toises. Stades of antient [sic] Egypt rated at 51 Toises. Egyptian Schoeni composed of 60 Stades. Horary or Travelling Leagues for the Caravans rated at 1900 Toises. French Leagues of 3000 Geometrical Paces or 2500 Toises. English Statute Miles rated at 1500 Toises.'</subfield></datafield><datafield tag="260" ind1=" " ind2=" "><subfield code="a">[London] :</subfield><subfield code="b">John Stockdale,</subfield><subfield code="c">1799.</subfield></datafield><datafield tag="300" ind1=" " ind2=" "><subfield code="a">1 map on 1 sheet ;</subfield><subfield code="c">66 x 40.5 cm. on sheet 76 x 51 cm.</subfield></datafield><datafield tag="500" ind1=" " ind2=" "><subfield code="a">On map: 'MDCCLXV [1765]. Published 4th July 1799, by John Stockdale, Piccadilly.'</subfield></datafield><datafield tag="546" ind1=" " ind2=" "><subfield code="a">English.</subfield></datafield><datafield tag="651" ind1=" " ind2="0"><subfield code="a">Asia</subfield><subfield code="z">Egypt</subfield><subfield code="v">Maps.</subfield></datafield><datafield tag="777" ind1="0" ind2=" "><subfield code="i">Originally bound and folded into the book:</subfield><subfield code="t">Observations on the manners and customs of the Egyptians : the overflowing of the Nile and its effects / with remarks on the plague, and other subjects. By John Antes.</subfield><subfield code="w">991000059379702696</subfield><subfield code="o">(DT53.A62 Locked cabinet, ALB4947).</subfield></datafield><datafield tag="856" ind1="4" ind2="1"><subfield code="u">http://www.davidrumsey.com/luna/servlet/detail/RUMSEY~8~1~3028~410027:Egypte,-nomme-dans-le-pays-Missir-</subfield><subfield code="z">Original map in French, published in 1771, on The David Rumsey Historical Map Collection website.</subfield></datafield><datafield tag="949" ind1=" " ind2=" "><subfield code="a">MAPS 37-00</subfield></datafield><datafield tag="951" ind1=" " ind2=" "><subfield code="a">4947</subfield></datafield><datafield tag="953" ind1=" " ind2=" "><subfield code="b">In Sep. 2007 the map was removed from the book [Observations on the manners and customs of the Egyptians : the overflowing of the Nile and its effects / with remarks on the plague, and other subjects. By John Antes], in the process of restoration, and cleaned from fungus. Map is now stored separately with map collection.</subfield></datafield><datafield tag="999" ind1=" " ind2=" "><subfield code="a">MAP</subfield></datafield></record>