<record><leader>00553nem a2200193   4500</leader><controlfield tag="001">991000118649702696</controlfield><controlfield tag="005">20170313102155.0</controlfield><controlfield tag="008">090830s1882    xxk       a   r 0   eng d</controlfield><datafield tag="035" ind1=" " ind2=" "><subfield code="a">(IL-JeALB)13297-972ai_inst</subfield></datafield><datafield tag="035" ind1=" " ind2=" "><subfield code="a">13297</subfield><subfield code="9">ExL</subfield></datafield><datafield tag="110" ind1="2" ind2=" "><subfield code="a">Palestine Exploration Fund.</subfield></datafield><datafield tag="245" ind1="1" ind2="0"><subfield code="a">Map of Western Palestine Showing Natural Drainage</subfield></datafield><datafield tag="255" ind1=" " ind2=" "><subfield code="a">Scale 3/8 inch = 1 mile, 1:168,960</subfield></datafield><datafield tag="260" ind1=" " ind2=" "><subfield code="a">London :</subfield><subfield code="b">PEF,</subfield><subfield code="c">1882</subfield></datafield><datafield tag="651" ind1=" " ind2="0"><subfield code="a">Asia</subfield><subfield code="z">Middle East</subfield><subfield code="z">Palestine</subfield><subfield code="v">Maps.</subfield></datafield><datafield tag="949" ind1=" " ind2=" "><subfield code="a">MAPS 23-82-1</subfield></datafield><datafield tag="951" ind1=" " ind2=" "><subfield code="a">513</subfield></datafield><datafield tag="953" ind1=" " ind2=" "><subfield code="a">MISSING?</subfield></datafield><datafield tag="999" ind1=" " ind2=" "><subfield code="a">MAP</subfield></datafield></record>