<record><leader>00738nem a2200217   4500</leader><controlfield tag="001">991000118659702696</controlfield><controlfield tag="005">20170313102953.0</controlfield><controlfield tag="008">090830s1924    xx        a  ur 1   eng c</controlfield><datafield tag="035" ind1=" " ind2=" "><subfield code="a">(IL-JeALB)13298-972ai_inst</subfield></datafield><datafield tag="035" ind1=" " ind2=" "><subfield code="a">13298</subfield><subfield code="9">ExL</subfield></datafield><datafield tag="100" ind1="1" ind2=" "><subfield code="a">Brawer, AJ</subfield></datafield><datafield tag="245" ind1="1" ind2="0"><subfield code="a">Geological Map of Western Palestine</subfield></datafield><datafield tag="255" ind1=" " ind2=" "><subfield code="a">Scale 1:250,000</subfield></datafield><datafield tag="260" ind1=" " ind2=" "><subfield code="c">1924</subfield></datafield><datafield tag="300" ind1=" " ind2=" "><subfield code="a">1 map on 1 sheet ;</subfield><subfield code="c">171.5 x 75 cm. on sheet 174 x 79 cm.</subfield></datafield><datafield tag="500" ind1=" " ind2=" "><subfield code="a">'Composed from Prof. Blanckenhorn's et ranges works by Dr. A.J. Brawer, Jerusalem. Carried out by E. Kaufmann with the participation of Z. Barak, surveyors.'</subfield></datafield><datafield tag="651" ind1=" " ind2="0"><subfield code="a">Asia</subfield><subfield code="z">Middle East</subfield><subfield code="z">Palestine</subfield><subfield code="v">Maps.</subfield></datafield><datafield tag="700" ind1="1" ind2=" "><subfield code="a">Kaufmann, E.</subfield></datafield><datafield tag="949" ind1=" " ind2=" "><subfield code="a">MAPS 23-03-1</subfield></datafield><datafield tag="951" ind1=" " ind2=" "><subfield code="a">514</subfield></datafield><datafield tag="999" ind1=" " ind2=" "><subfield code="a">MAP</subfield></datafield></record>