<record><leader>00662nem a2200205   4500</leader><controlfield tag="001">991000118669702696</controlfield><controlfield tag="005">20161105044039.0</controlfield><controlfield tag="008">160508s        enk       a  |r |   eng |</controlfield><datafield tag="035" ind1=" " ind2=" "><subfield code="a">(IL-JeALB)13299-972ai_inst</subfield></datafield><datafield tag="035" ind1=" " ind2=" "><subfield code="a">13299</subfield><subfield code="9">ExL</subfield></datafield><datafield tag="110" ind1="1" ind2=" "><subfield code="a">Edinburgh Geographical Institute.</subfield></datafield><datafield tag="245" ind1="1" ind2="0"><subfield code="a">Palestine, Times Atlas. Plate 52</subfield></datafield><datafield tag="255" ind1=" " ind2=" "><subfield code="a">Scale 1:660,000</subfield></datafield><datafield tag="260" ind1=" " ind2=" "><subfield code="a">London :</subfield><subfield code="b">John Bartholomew and Co.</subfield></datafield><datafield tag="300" ind1=" " ind2=" "><subfield code="a">1 map on 1 sheet ;</subfield><subfield code="c">54.5 x 41.5 cm. on sheet 60 x 47 cm.</subfield></datafield><datafield tag="500" ind1=" " ind2=" "><subfield code="a">2 insets: Jerusalem; Section across Judea and the Dead Sea.</subfield></datafield><datafield tag="651" ind1=" " ind2="0"><subfield code="a">Asia</subfield><subfield code="z">Middle East</subfield><subfield code="z">Palestine</subfield><subfield code="v">Maps.</subfield></datafield><datafield tag="949" ind1=" " ind2=" "><subfield code="a">MAPS 23C-01-1</subfield></datafield><datafield tag="951" ind1=" " ind2=" "><subfield code="a">515</subfield></datafield><datafield tag="999" ind1=" " ind2=" "><subfield code="a">MAP</subfield></datafield></record>