<record><leader>00771nem a2200229   4500</leader><controlfield tag="001">991000118679702696</controlfield><controlfield tag="005">20161105044039.0</controlfield><controlfield tag="008">160508s        is   |    a  |r |  |heb|u</controlfield><datafield tag="035" ind1=" " ind2=" "><subfield code="a">(IL-JeALB)13300-972ai_inst</subfield></datafield><datafield tag="035" ind1=" " ind2=" "><subfield code="a">13300</subfield><subfield code="9">ExL</subfield></datafield><datafield tag="110" ind1="1" ind2=" "><subfield code="a">Zionist Information Bureau</subfield></datafield><datafield tag="245" ind1="1" ind2="0"><subfield code="a">  = Palestine</subfield></datafield><datafield tag="255" ind1=" " ind2=" "><subfield code="a">Scale 1:700,000</subfield></datafield><datafield tag="260" ind1=" " ind2=" "><subfield code="a">Jerusalem :</subfield><subfield code="b">Zionist Information Bureau</subfield></datafield><datafield tag="300" ind1=" " ind2=" "><subfield code="a">1 map on 1 sheet ;</subfield><subfield code="c">37 x 22 cm. on sheet 43 x 28 cm.</subfield></datafield><datafield tag="500" ind1=" " ind2=" "><subfield code="a">Shows Jewish land ownership.</subfield></datafield><datafield tag="511" ind1="0" ind2=" "><subfield code="a">Azriel Press Jerusalem. Zink. M. Pikovsky, Jerusalem</subfield></datafield><datafield tag="546" ind1=" " ind2=" "><subfield code="a">Hebrew, English.</subfield></datafield><datafield tag="651" ind1=" " ind2="0"><subfield code="a">Asia</subfield><subfield code="z">Middle East</subfield><subfield code="z">Palestine</subfield><subfield code="v">Maps.</subfield></datafield><datafield tag="949" ind1=" " ind2=" "><subfield code="a">MAPS 23C-07-1</subfield></datafield><datafield tag="951" ind1=" " ind2=" "><subfield code="a">59</subfield></datafield><datafield tag="999" ind1=" " ind2=" "><subfield code="a">MAP</subfield></datafield></record>