<record><leader>00815nem a2200229   4500</leader><controlfield tag="001">991000118689702696</controlfield><controlfield tag="005">20161105044039.0</controlfield><controlfield tag="008">160508s1946    is        a  |r |   eng||</controlfield><datafield tag="035" ind1=" " ind2=" "><subfield code="a">(IL-JeALB)13301-972ai_inst</subfield></datafield><datafield tag="035" ind1=" " ind2=" "><subfield code="a">13301</subfield><subfield code="9">ExL</subfield></datafield><datafield tag="110" ind1="1" ind2=" "><subfield code="a">Survey of Palestine</subfield></datafield><datafield tag="245" ind1="1" ind2="0"><subfield code="a">Palestine : Mean annual rainfall</subfield></datafield><datafield tag="255" ind1=" " ind2=" "><subfield code="a">Scale 1:500,000</subfield></datafield><datafield tag="260" ind1=" " ind2=" "><subfield code="a">Survey of Palestine,</subfield><subfield code="c">1946</subfield></datafield><datafield tag="300" ind1=" " ind2=" "><subfield code="a">1 map on 1 sheet ;</subfield><subfield code="c">86 x 43 cm. on sheet 91 x 51 cm.</subfield></datafield><datafield tag="500" ind1=" " ind2=" "><subfield code="a">'Prepared by the Palestine Meteorological Service, Department of Civil Aviation, for the Anglo-American Committee of Inquiry, March 1946.'</subfield></datafield><datafield tag="610" ind1="2" ind2="4"><subfield code="a">Anglo-American Committee of Inquiry</subfield></datafield><datafield tag="651" ind1=" " ind2="0"><subfield code="a">Asia</subfield><subfield code="z">Middle East</subfield><subfield code="z">Palestine</subfield><subfield code="v">Maps.</subfield></datafield><datafield tag="710" ind1="1" ind2=" "><subfield code="a">Palestine Meteorological Service</subfield></datafield><datafield tag="949" ind1=" " ind2=" "><subfield code="a">MAPS 23A-04-2</subfield></datafield><datafield tag="951" ind1=" " ind2=" "><subfield code="a">94</subfield></datafield><datafield tag="999" ind1=" " ind2=" "><subfield code="a">MAP</subfield></datafield></record>