<record><leader>00652nem a2200217   4500</leader><controlfield tag="001">991000118699702696</controlfield><controlfield tag="005">20161105044040.0</controlfield><controlfield tag="008">160508s        is        a  |r |   eng |</controlfield><datafield tag="035" ind1=" " ind2=" "><subfield code="a">(IL-JeALB)13302-972ai_inst</subfield></datafield><datafield tag="035" ind1=" " ind2=" "><subfield code="a">13302</subfield><subfield code="9">ExL</subfield></datafield><datafield tag="110" ind1="1" ind2=" "><subfield code="a">Survey of Palestine</subfield></datafield><datafield tag="245" ind1="1" ind2="0"><subfield code="a">[Palestine] Motor map</subfield></datafield><datafield tag="250" ind1=" " ind2=" "><subfield code="a">1945 edition.</subfield></datafield><datafield tag="255" ind1=" " ind2=" "><subfield code="a">Scale 1:500,000</subfield></datafield><datafield tag="260" ind1=" " ind2=" "><subfield code="a">Survey of Palestine</subfield></datafield><datafield tag="300" ind1=" " ind2=" "><subfield code="a">1 map on 1 sheet ;</subfield><subfield code="c">53.5 x 38.5 cm. on sheet 62 x 40 cm.</subfield></datafield><datafield tag="500" ind1=" " ind2=" "><subfield code="a">3 insets: Haifa, Jerusalem, Jaffa &amp; Tel Aviv, all 1:40,000.</subfield></datafield><datafield tag="651" ind1=" " ind2="0"><subfield code="a">Asia</subfield><subfield code="z">Middle East</subfield><subfield code="z">Palestine</subfield><subfield code="v">Maps.</subfield></datafield><datafield tag="949" ind1=" " ind2=" "><subfield code="a">MAPS 23A-06-1</subfield></datafield><datafield tag="951" ind1=" " ind2=" "><subfield code="a">376</subfield></datafield><datafield tag="999" ind1=" " ind2=" "><subfield code="a">MAP</subfield></datafield></record>