<record><leader>00633nem a2200217   4500</leader><controlfield tag="001">991000118709702696</controlfield><controlfield tag="005">20161108223056.0</controlfield><controlfield tag="008">160508s1955              a  |r |   eng |</controlfield><datafield tag="035" ind1=" " ind2=" "><subfield code="a">(IL-JeALB)13303-972ai_inst</subfield></datafield><datafield tag="035" ind1=" " ind2=" "><subfield code="a">13303</subfield><subfield code="9">ExL</subfield></datafield><datafield tag="245" ind1="1" ind2="0"><subfield code="a">Deir Mar Saba / Ras Fashkha /</subfield><subfield code="c">by W. R. Farmer</subfield></datafield><datafield tag="255" ind1=" " ind2=" "><subfield code="a">Scale 1:20,000</subfield></datafield><datafield tag="260" ind1=" " ind2=" "><subfield code="c">1955</subfield></datafield><datafield tag="300" ind1=" " ind2=" "><subfield code="a">1 map on 1 sheet :</subfield><subfield code="b">manuscript on tracing paper ;</subfield><subfield code="c">sheet 92 x 75 cm.</subfield></datafield><datafield tag="500" ind1=" " ind2=" "><subfield code="a">Topographical map. Manual tracing.</subfield></datafield><datafield tag="500" ind1=" " ind2=" "><subfield code="a">On map: '18-12/19-12'.</subfield></datafield><datafield tag="700" ind1="1" ind2=" "><subfield code="a">Farmer , W R</subfield></datafield><datafield tag="949" ind1=" " ind2=" "><subfield code="a">MAPS 24-55-18-2</subfield></datafield><datafield tag="951" ind1=" " ind2=" "><subfield code="a">165</subfield></datafield><datafield tag="953" ind1=" " ind2=" "><subfield code="a">Was #23-55-18-2.</subfield></datafield><datafield tag="999" ind1=" " ind2=" "><subfield code="a">MAP</subfield></datafield></record>