<record><leader>00601nem a2200157   4500</leader><controlfield tag="001">991000118719702696</controlfield><controlfield tag="005">20190125033347.0</controlfield><controlfield tag="008">160508s        au        a   r |   eng |</controlfield><datafield tag="035" ind1=" " ind2=" "><subfield code="a">(IL-JeALB)13304-972ai_inst</subfield></datafield><datafield tag="035" ind1=" " ind2=" "><subfield code="a">13304</subfield><subfield code="9">ExL</subfield></datafield><datafield tag="245" ind1="1" ind2="0"><subfield code="a">[Wadi Araba]</subfield></datafield><datafield tag="260" ind1=" " ind2=" "><subfield code="a">Vienna :</subfield><subfield code="b">Alfred Hlder,</subfield><subfield code="c">1907-08</subfield></datafield><datafield tag="300" ind1=" " ind2=" "><subfield code="a">1 map on 1 sheet (of 3) ;</subfield><subfield code="c">66 x 51 cm. on sheet 79 x 63 cm.</subfield></datafield><datafield tag="777" ind1="0" ind2=" "><subfield code="i">Originally issued as 1 of 3 sheets with</subfield><subfield code="t">Arabia Petraea, vol.3. Ethnologischer reisebericht / by Alois Musil.</subfield><subfield code="w">991000005689702696</subfield><subfield code="o">(DS110.5.M8 Locked cabinet, ALB11535).</subfield></datafield><datafield tag="949" ind1=" " ind2=" "><subfield code="a">MAPS 23C-13-3</subfield></datafield><datafield tag="999" ind1=" " ind2=" "><subfield code="a">MAP</subfield></datafield></record>