<record><leader>00768nem a2200217   4500</leader><controlfield tag="001">991000118739702696</controlfield><controlfield tag="005">20161105044040.0</controlfield><controlfield tag="008">160508s1934    is        a  |r |   eng||</controlfield><datafield tag="035" ind1=" " ind2=" "><subfield code="a">(IL-JeALB)13306-972ai_inst</subfield></datafield><datafield tag="035" ind1=" " ind2=" "><subfield code="a">13306</subfield><subfield code="9">ExL</subfield></datafield><datafield tag="110" ind1="2" ind2=" "><subfield code="a">Survey of Palestine</subfield></datafield><datafield tag="245" ind1="1" ind2="0"><subfield code="a">Palestine :</subfield><subfield code="b">Administration map</subfield></datafield><datafield tag="255" ind1=" " ind2=" "><subfield code="a">Scale 1:250,000</subfield></datafield><datafield tag="260" ind1=" " ind2=" "><subfield code="a">Survey of Palestine,</subfield><subfield code="c">1934</subfield></datafield><datafield tag="300" ind1=" " ind2=" "><subfield code="a">1 map on 1 sheet. 2 copies ;</subfield><subfield code="c">97 x 55.5 cm. on sheet 100 x 59 cm.</subfield></datafield><datafield tag="500" ind1=" " ind2=" "><subfield code="a">Inset: Southern Palestine, 1:1,000,000.</subfield></datafield><datafield tag="500" ind1=" " ind2=" "><subfield code="a">Copy 2 has administrative district names and boundaries overprinted in red.</subfield></datafield><datafield tag="651" ind1=" " ind2="0"><subfield code="a">Asia</subfield><subfield code="z">Middle East</subfield><subfield code="z">Palestine</subfield><subfield code="v">Maps.</subfield></datafield><datafield tag="949" ind1=" " ind2=" "><subfield code="a">MAPS 23A-05-1 (c. 1); MAPS 23A-05-2 (c. 2)</subfield></datafield><datafield tag="951" ind1=" " ind2=" "><subfield code="a">377 (c. 1), 68 (c. 2).</subfield></datafield><datafield tag="999" ind1=" " ind2=" "><subfield code="a">MAP</subfield></datafield></record>