<record><leader>00694nem a2200205   4500</leader><controlfield tag="001">991000118759702696</controlfield><controlfield tag="005">20161105044041.0</controlfield><controlfield tag="008">160508s1920    enk       a   r 0   eng u</controlfield><datafield tag="035" ind1=" " ind2=" "><subfield code="a">(IL-JeALB)13308-972ai_inst</subfield></datafield><datafield tag="035" ind1=" " ind2=" "><subfield code="a">13308</subfield><subfield code="9">ExL</subfield></datafield><datafield tag="110" ind1="1" ind2=" "><subfield code="a">Geographical Institute</subfield></datafield><datafield tag="245" ind1="1" ind2="0"><subfield code="a">Modern Palestine showing physical features ; Palestine in the time of our Savior</subfield></datafield><datafield tag="255" ind1=" " ind2=" "><subfield code="a">Scale 1 inch = 25 miles, 1:1,584,000</subfield></datafield><datafield tag="260" ind1=" " ind2=" "><subfield code="a">London :</subfield><subfield code="b">Geographical Institute.,</subfield><subfield code="c">[1920]</subfield></datafield><datafield tag="300" ind1=" " ind2=" "><subfield code="a">1 map on 1 sheet ;</subfield><subfield code="c">31 x 23.5 cm. on sheet 36 x 28 cm.</subfield></datafield><datafield tag="511" ind1="0" ind2=" "><subfield code="a">George Philip &amp; Son, printer</subfield></datafield><datafield tag="651" ind1=" " ind2="0"><subfield code="a">Asia</subfield><subfield code="z">Middle East</subfield><subfield code="z">Palestine</subfield><subfield code="v">Maps.</subfield></datafield><datafield tag="949" ind1=" " ind2=" "><subfield code="a">MAPS 23-02-5</subfield></datafield><datafield tag="951" ind1=" " ind2=" "><subfield code="a">384</subfield></datafield><datafield tag="999" ind1=" " ind2=" "><subfield code="a">MAP</subfield></datafield></record>