<record><leader>00641nem a2200217   4500</leader><controlfield tag="001">991000118769702696</controlfield><controlfield tag="005">20170117052022.0</controlfield><controlfield tag="008">051118s1930    sy        a   r01   eng d</controlfield><datafield tag="035" ind1=" " ind2=" "><subfield code="a">(IL-JeALB)13309-972ai_inst</subfield></datafield><datafield tag="035" ind1=" " ind2=" "><subfield code="a">13309</subfield><subfield code="9">ExL</subfield></datafield><datafield tag="100" ind1="1" ind2=" "><subfield code="a">Hughes, W</subfield></datafield><datafield tag="245" ind1="1" ind2="0"><subfield code="a">Syria</subfield></datafield><datafield tag="255" ind1=" " ind2=" "><subfield code="a">Scale 1 inch = 43 miles, 1:2,725,000</subfield></datafield><datafield tag="260" ind1=" " ind2=" "><subfield code="a">London :</subfield><subfield code="b">Geographical Institute.,</subfield><subfield code="c">[1920]</subfield></datafield><datafield tag="300" ind1=" " ind2=" "><subfield code="a">1 map on 1 sheet ;</subfield><subfield code="c">29.5 x 22.5 cm. on sheet 36 x 28 cm.</subfield></datafield><datafield tag="500" ind1=" " ind2=" "><subfield code="a">'drawn by W. Hughes.'</subfield></datafield><datafield tag="511" ind1="0" ind2=" "><subfield code="a">George Philip &amp; Son, printer</subfield></datafield><datafield tag="651" ind1=" " ind2="0"><subfield code="a">Asia</subfield><subfield code="z">Middle East</subfield><subfield code="z">Syria</subfield><subfield code="v">Maps.</subfield></datafield><datafield tag="949" ind1=" " ind2=" "><subfield code="a">MAPS 23-02-4</subfield></datafield><datafield tag="951" ind1=" " ind2=" "><subfield code="a">10</subfield></datafield><datafield tag="999" ind1=" " ind2=" "><subfield code="a">MAP</subfield></datafield></record>