<record><leader>00477nem a2200181   4500</leader><controlfield tag="001">991000118779702696</controlfield><controlfield tag="005">20161105044041.0</controlfield><controlfield tag="008">160508s        enk       a   r 0   eng u</controlfield><datafield tag="035" ind1=" " ind2=" "><subfield code="a">(IL-JeALB)13310-972ai_inst</subfield></datafield><datafield tag="035" ind1=" " ind2=" "><subfield code="a">13310</subfield><subfield code="9">ExL</subfield></datafield><datafield tag="245" ind1="1" ind2="0"><subfield code="a">Palestine - Outline Series</subfield></datafield><datafield tag="255" ind1=" " ind2=" "><subfield code="a">Scale 1 inch = 12.1 miles, 1:1,338,163</subfield></datafield><datafield tag="260" ind1=" " ind2=" "><subfield code="a">London :</subfield><subfield code="b">Edward Stanford</subfield></datafield><datafield tag="300" ind1=" " ind2=" "><subfield code="a">1 map on 1 sheet</subfield></datafield><datafield tag="949" ind1=" " ind2=" "><subfield code="a">MAPS 23C-02-6</subfield></datafield><datafield tag="951" ind1=" " ind2=" "><subfield code="a">379</subfield></datafield><datafield tag="953" ind1=" " ind2=" "><subfield code="a">MISSING?</subfield></datafield><datafield tag="999" ind1=" " ind2=" "><subfield code="a">MAP</subfield></datafield></record>