<record><leader>00739nem a2200205   4500</leader><controlfield tag="001">991000118789702696</controlfield><controlfield tag="005">20170313092933.0</controlfield><controlfield tag="008">090830s1942    mou       a   r |   eng d</controlfield><datafield tag="035" ind1=" " ind2=" "><subfield code="a">(IL-JeALB)13311-972ai_inst</subfield></datafield><datafield tag="035" ind1=" " ind2=" "><subfield code="a">13311</subfield><subfield code="9">ExL</subfield></datafield><datafield tag="100" ind1="1" ind2=" "><subfield code="a">Owen, G Frederick</subfield></datafield><datafield tag="245" ind1="1" ind2="0"><subfield code="a">Mileage chart of Palestine :</subfield><subfield code="b">with other important information / by G. Frederick Owen</subfield></datafield><datafield tag="260" ind1=" " ind2=" "><subfield code="a">Kansas City, Missouri :</subfield><subfield code="b">Beacon Hill Press</subfield><subfield code="c">1942</subfield></datafield><datafield tag="300" ind1=" " ind2=" "><subfield code="a">1 chart on 1 sheet ;</subfield><subfield code="c">sheet 57 x 45 cm.</subfield></datafield><datafield tag="500" ind1=" " ind2=" "><subfield code="a">'Copyrighted by G. Frederick Owen.'</subfield></datafield><datafield tag="500" ind1=" " ind2=" "><subfield code="a">'This chart is designed to accompany Dr. Owen's Third Dimension, Map of Palestine.'</subfield></datafield><datafield tag="651" ind1=" " ind2="0"><subfield code="a">Asia</subfield><subfield code="z">Middle East</subfield><subfield code="z">Palestine</subfield><subfield code="v">Maps.</subfield></datafield><datafield tag="949" ind1=" " ind2=" "><subfield code="a">MAPS 23C-06-2</subfield></datafield><datafield tag="951" ind1=" " ind2=" "><subfield code="a">22</subfield></datafield><datafield tag="999" ind1=" " ind2=" "><subfield code="a">MAP</subfield></datafield></record>