<record><leader>00555nem a2200193   4500</leader><controlfield tag="001">991000118799702696</controlfield><controlfield tag="005">20170320110006.0</controlfield><controlfield tag="008">051118s1935    is      r b  or01   eng d</controlfield><datafield tag="035" ind1=" " ind2=" "><subfield code="a">(IL-JeALB)13312-972ai_inst</subfield></datafield><datafield tag="035" ind1=" " ind2=" "><subfield code="a">13312</subfield><subfield code="9">ExL</subfield></datafield><datafield tag="110" ind1="1" ind2=" "><subfield code="a">Survey of Palestine</subfield></datafield><datafield tag="245" ind1="1" ind2="0"><subfield code="a">Maps and Publications [1935]</subfield></datafield><datafield tag="260" ind1=" " ind2=" "><subfield code="b">Survey of Palestine,</subfield><subfield code="c">1935</subfield></datafield><datafield tag="300" ind1=" " ind2=" "><subfield code="c">26 cm.</subfield></datafield><datafield tag="500" ind1=" " ind2=" "><subfield code="a">Catalog.</subfield></datafield><datafield tag="500" ind1=" " ind2=" "><subfield code="a">Glued to inside of back cover: 'Specimen from the 1:100,000 top[ographical]. series.'</subfield></datafield><datafield tag="949" ind1=" " ind2=" "><subfield code="a">MAPS 23B-01-11</subfield></datafield><datafield tag="951" ind1=" " ind2=" "><subfield code="a">164a</subfield></datafield><datafield tag="999" ind1=" " ind2=" "><subfield code="a">MAP</subfield></datafield></record>