<record><leader>00526nem a2200193   4500</leader><controlfield tag="001">991000118809702696</controlfield><controlfield tag="005">20170320105751.0</controlfield><controlfield tag="008">051118s1945    is        |  or01 | eng d</controlfield><datafield tag="035" ind1=" " ind2=" "><subfield code="a">(IL-JeALB)13313-972ai_inst</subfield></datafield><datafield tag="035" ind1=" " ind2=" "><subfield code="a">13313</subfield><subfield code="9">ExL</subfield></datafield><datafield tag="110" ind1="1" ind2=" "><subfield code="a">Survey of Palestine</subfield></datafield><datafield tag="245" ind1="1" ind2="0"><subfield code="a">Maps and Publications [1945]</subfield></datafield><datafield tag="260" ind1=" " ind2=" "><subfield code="b">Survey of Palestine,</subfield><subfield code="c">1945</subfield></datafield><datafield tag="300" ind1=" " ind2=" "><subfield code="c">25 cm.</subfield></datafield><datafield tag="500" ind1=" " ind2=" "><subfield code="a">Catalog.</subfield></datafield><datafield tag="500" ind1=" " ind2=" "><subfield code="a">Folded at back: 'Index to topographical maps 1:500,000.'</subfield></datafield><datafield tag="949" ind1=" " ind2=" "><subfield code="a">MAPS 23B-01-12</subfield></datafield><datafield tag="951" ind1=" " ind2=" "><subfield code="a">164b</subfield></datafield><datafield tag="999" ind1=" " ind2=" "><subfield code="a">MAP</subfield></datafield></record>