<record><leader>00415nem a2200157   4500</leader><controlfield tag="001">991000118819702696</controlfield><controlfield tag="005">20170313102407.0</controlfield><controlfield tag="008">090830s1983    is        a  o  1   heb d</controlfield><datafield tag="035" ind1=" " ind2=" "><subfield code="a">(IL-JeALB)13314-972ai_inst</subfield></datafield><datafield tag="035" ind1=" " ind2=" "><subfield code="a">13314</subfield><subfield code="9">ExL</subfield></datafield><datafield tag="245" ind1="1" ind2="0"><subfield code="a">Grid Index Map of Israel</subfield></datafield><datafield tag="255" ind1=" " ind2=" "><subfield code="a">Scale 1:1,000,000</subfield></datafield><datafield tag="300" ind1=" " ind2=" "><subfield code="a">1 map on 1 sheet. 3 copies :</subfield><subfield code="b">photocopy ;</subfield><subfield code="c">A3</subfield></datafield><datafield tag="949" ind1=" " ind2=" "><subfield code="a">MAPS 23B-02-7</subfield></datafield><datafield tag="951" ind1=" " ind2=" "><subfield code="a">21</subfield></datafield><datafield tag="999" ind1=" " ind2=" "><subfield code="a">MAP</subfield></datafield></record>