<record><leader>00674nem a2200193   4500</leader><controlfield tag="001">991000118829702696</controlfield><controlfield tag="005">20170313103252.0</controlfield><controlfield tag="008">090830s1936    xx        a   r |   eng dc</controlfield><datafield tag="035" ind1=" " ind2=" "><subfield code="a">(IL-JeALB)13315-972ai_inst</subfield></datafield><datafield tag="035" ind1=" " ind2=" "><subfield code="a">13315</subfield><subfield code="9">ExL</subfield></datafield><datafield tag="245" ind1="1" ind2="0"><subfield code="a">Roman Palestine</subfield></datafield><datafield tag="255" ind1=" " ind2=" "><subfield code="a">Scale 1:250,000</subfield></datafield><datafield tag="260" ind1=" " ind2=" "><subfield code="c">1936</subfield></datafield><datafield tag="300" ind1=" " ind2=" "><subfield code="a">1 map on 1 sheet ;</subfield><subfield code="c">97 x 59.5 cm. on sheet 100 x 65 cm.</subfield></datafield><datafield tag="500" ind1=" " ind2=" "><subfield code="a">'To accompany 'Map of Roman Palestine' by M. Avi-Yonah, in Quarterly of the Department of Antiquities, Palestine, Vol. V, pp. 139 ff.'</subfield></datafield><datafield tag="500" ind1=" " ind2=" "><subfield code="a">Inset: Southern Palestine, 1:1,000,000.</subfield></datafield><datafield tag="651" ind1=" " ind2="0"><subfield code="a">Asia</subfield><subfield code="z">Middle East</subfield><subfield code="z">Palestine</subfield><subfield code="v">Maps.</subfield></datafield><datafield tag="949" ind1=" " ind2=" "><subfield code="a">MAPS 23A-36</subfield></datafield><datafield tag="999" ind1=" " ind2=" "><subfield code="a">MAP</subfield></datafield></record>