<record><leader>00805nem a2200181   4500</leader><controlfield tag="001">991000118839702696</controlfield><controlfield tag="005">20170320112235.0</controlfield><controlfield tag="008">090830n        xx        a  or 1   eng d</controlfield><datafield tag="035" ind1=" " ind2=" "><subfield code="a">(IL-JeALB)13316-972ai_inst</subfield></datafield><datafield tag="035" ind1=" " ind2=" "><subfield code="a">13316</subfield><subfield code="9">ExL</subfield></datafield><datafield tag="245" ind1="1" ind2="0"><subfield code="a">Carte du Monde au Millionieme [grid]</subfield></datafield><datafield tag="300" ind1=" " ind2=" "><subfield code="a">1 map on 1 sheet ;</subfield><subfield code="c">62 x 35.5 cm. on sheet 71 x 52 cm.</subfield></datafield><datafield tag="500" ind1=" " ind2=" "><subfield code="a">This is possibly no. I of several key maps for the map series: Carta Internazionale del Mondo al 1,000,000, Istituto Geografico Militare. The Albright Library holds several sheets of this map series (33-NK-32,-33, 33-NJ-33).</subfield></datafield><datafield tag="500" ind1=" " ind2=" "><subfield code="a">Bottom right corner: 'Ordnance Survey, 1929.' Handwritten on map: 1/6.</subfield></datafield><datafield tag="500" ind1=" " ind2=" "><subfield code="a">Sheet stamped with Clarence Fisher's stamp on verso.</subfield></datafield><datafield tag="949" ind1=" " ind2=" "><subfield code="a">MAPS 33-00</subfield></datafield><datafield tag="953" ind1=" " ind2=" "><subfield code="a">Found 2009.</subfield></datafield><datafield tag="999" ind1=" " ind2=" "><subfield code="a">MAP</subfield></datafield></record>