<record><leader>00911nem a2200205   4500</leader><controlfield tag="001">991000118849702696</controlfield><controlfield tag="005">20170117052022.0</controlfield><controlfield tag="008">051118m19341938xxk       a   r 0   eng c</controlfield><datafield tag="035" ind1=" " ind2=" "><subfield code="a">(IL-JeALB)13317-972ai_inst</subfield></datafield><datafield tag="035" ind1=" " ind2=" "><subfield code="a">13317</subfield><subfield code="9">ExL</subfield></datafield><datafield tag="245" ind1="1" ind2="0"><subfield code="a">Iraq Desert</subfield></datafield><datafield tag="255" ind1=" " ind2=" "><subfield code="a">Scale 1:500,000</subfield></datafield><datafield tag="260" ind1=" " ind2=" "><subfield code="a">[British] War Office,</subfield><subfield code="c">[1934-1938]</subfield></datafield><datafield tag="300" ind1=" " ind2=" "><subfield code="a">1 map on 4 sheets ;</subfield><subfield code="c">62 x 52 cm. or smaller on 4 sheets 91 x 76 cm. or smaller.</subfield></datafield><datafield tag="505" ind1="0" ind2=" "><subfield code="a">Sheets: Basra-Kuwait -- Baghdad. First Edition -- Wadi al Ubaiyidh. Second Edition -- Salman-Busaiya. 'Not to be published'.</subfield></datafield><datafield tag="595" ind1=" " ind2=" "><subfield code="a">Sheet sizes: Basra-Kuwait, 62 x 52 cm. on sheet 86 x 70 cm.; Baghdad, 61 x 52 cm. on sheet 84 x 74 cm.; Wadi al Ubaiyidh, 62 x 52 cm. on sheet 86 x 70 cm.; Salman-Busaiya, 56 x 52 cm. on sheet 91 x 76 cm.</subfield></datafield><datafield tag="651" ind1=" " ind2="0"><subfield code="a">Asia</subfield><subfield code="z">Middle East</subfield><subfield code="z">Iraq</subfield><subfield code="v">Maps.</subfield></datafield><datafield tag="949" ind1=" " ind2=" "><subfield code="a">MAPS 28-34-a,-b,-c,-d</subfield></datafield><datafield tag="953" ind1=" " ind2=" "><subfield code="a">Found 2009.</subfield></datafield><datafield tag="999" ind1=" " ind2=" "><subfield code="a">MAP</subfield></datafield></record>