<record><leader>01497nem a2200229   4500</leader><controlfield tag="001">991000118859702696</controlfield><controlfield tag="005">20170315155518.0</controlfield><controlfield tag="008">090830m19591961xxk       b  or |   eng d</controlfield><datafield tag="035" ind1=" " ind2=" "><subfield code="a">(IL-JeALB)13318-972ai_inst</subfield></datafield><datafield tag="035" ind1=" " ind2=" "><subfield code="a">13318</subfield><subfield code="9">ExL</subfield></datafield><datafield tag="245" ind1="1" ind2="0"><subfield code="a">Asia. Persian Gulf.</subfield></datafield><datafield tag="255" ind1=" " ind2=" "><subfield code="a">Scale 1:750,000.</subfield><subfield code="b">"Projection - Mercator."</subfield></datafield><datafield tag="260" ind1=" " ind2=" "><subfield code="a">London :</subfield><subfield code="b">[British] Admiralty,</subfield><subfield code="c">1959-1961</subfield></datafield><datafield tag="300" ind1=" " ind2=" "><subfield code="a">1 map on 2 sheets ;</subfield><subfield code="c">99 x 66 cm. on 2 sheets 103 x 71 cm.</subfield></datafield><datafield tag="500" ind1=" " ind2=" "><subfield code="a">On both sheets: 'Crown Copyright.'</subfield></datafield><datafield tag="500" ind1=" " ind2=" "><subfield code="a">At the head of the Eastern Sheet: From the latest information in the Hydrographic Department, 1960; Published at the Admiralty 15th August 1952, under the Superintendence of Rear Admiral A. Day,  Hydrographer.</subfield></datafield><datafield tag="500" ind1=" " ind2=" "><subfield code="a">At the head of the Western Sheet: From the latest information in the Hydrographic Department, 1958; Published at the Admiralty 4th July 1952, under the Superintendence of Rear Admiral A. Day,  Hydrographer.</subfield></datafield><datafield tag="505" ind1="0" ind2=" "><subfield code="a">Sheets: Eastern Sheet. Inset: Shah Allum Shoal, 1:100,000; Cross-cuts: Jabal Sir-i-Yalfal; Little Quoin I / Gap I / Great Quoin I. -- Western Sheet. Inset: Jazireh-e-Kharg / Jazireh-e-Khargu, 1:75,000; Cross-cuts: Kuh-e-Bang; Kuh-e-Sehtanj / Kuh-e-Khurmig; Funnel Hill / Kuh-e-Dirang.</subfield></datafield><datafield tag="651" ind1=" " ind2="0"><subfield code="a">Asia</subfield><subfield code="z">Middle East</subfield><subfield code="z">Persian Gulf</subfield><subfield code="v">Maps.</subfield></datafield><datafield tag="949" ind1=" " ind2=" "><subfield code="a">MAPS 33-59-2837 (Eastern Sheet), 33-59-2847 (Western Sheet).</subfield></datafield><datafield tag="953" ind1=" " ind2=" "><subfield code="a">Found 2009.</subfield></datafield><datafield tag="999" ind1=" " ind2=" "><subfield code="a">MAP</subfield></datafield></record>