<record><leader>03416nem a2200433   4500</leader><controlfield tag="001">991000118919702696</controlfield><controlfield tag="005">20171126111233.0</controlfield><controlfield tag="008">001219m18941914gw b      b   r 0 r lat c</controlfield><datafield tag="035" ind1=" " ind2=" "><subfield code="a">(IL-JeALB)13324-972ai_inst</subfield></datafield><datafield tag="035" ind1=" " ind2=" "><subfield code="a">13324</subfield><subfield code="9">ExL</subfield></datafield><datafield tag="035" ind1=" " ind2=" "><subfield code="a">(OCoLC)ocm54573619</subfield></datafield><datafield tag="035" ind1=" " ind2=" "><subfield code="a">447920</subfield></datafield><datafield tag="035" ind1=" " ind2=" "><subfield code="a">447920</subfield></datafield><datafield tag="040" ind1=" " ind2=" "><subfield code="a">EUX</subfield><subfield code="c">EUX</subfield><subfield code="d">OCLCQ</subfield><subfield code="d">YHM</subfield><subfield code="d">IL-JeALB</subfield></datafield><datafield tag="090" ind1=" " ind2=" "><subfield code="a">G1033.K5 1914 plates</subfield></datafield><datafield tag="100" ind1="1" ind2=" "><subfield code="a">Kiepert, Heinrich,</subfield><subfield code="d">1818-1899</subfield></datafield><datafield tag="245" ind1="1" ind2="0"><subfield code="a">Formae orbis antiqui :</subfield><subfield code="b">36 Karten mit kritischem Text und Quellenangabe zu jeder Karte /</subfield><subfield code="c">Henrici Kiepert. Farbendruck bearb. und hrsg. von Richard Kiepert.</subfield></datafield><datafield tag="255" ind1=" " ind2=" "><subfield code="a">Scales vary.</subfield></datafield><datafield tag="260" ind1=" " ind2=" "><subfield code="a">Berlin :</subfield><subfield code="b">D. Reimer,</subfield><subfield code="c">1894-1914.</subfield></datafield><datafield tag="300" ind1=" " ind2=" "><subfield code="a">1 v. (various pagings) :</subfield><subfield code="b">25 double maps ;</subfield><subfield code="c">54 cm.</subfield></datafield><datafield tag="500" ind1=" " ind2=" "><subfield code="a">In portfolio.</subfield></datafield><datafield tag="500" ind1=" " ind2=" "><subfield code="a">Part of maps accompanied by descriptive text with separate paging.</subfield></datafield><datafield tag="500" ind1=" " ind2=" "><subfield code="a">Planned to include 36 maps; only nos. 5-10, 12-17, 19-27, 33-36 appear to have been issued; nos. 1-4, 11, 18, 28-32 never published.</subfield></datafield><datafield tag="505" ind1="2" ind2=" "><subfield code="a">Preface / by H.K. (1894) -- 5. Syria. Mesopotamia. Assyria. Armenia Maior. (1910) -- 6. Palaestina (1911) -- 7. Asia minor cum oris Ponti Euxini ante dominationem Romanorum (anno 188 a. Chr.n.) (1908) -- 8. Asia minor imperatoris Traiani tempore (1910) -- 9. Asia provincia (1894) -- 10. Coloniae Phoenicum et Graecorum (1908) -- 12. Insulae maris Aegaei (1893) -- 13. Peloponnesus cum Attica (1906) -- 14. Phocis. Boeotia. Attica. Athenae. (1906) -- 15. Graecia septentrionalis (1894) -- 16. Graecia cum Macedonia et Epiro tempore foederum Aetolici et Achaici anno 270 a. Chr.n. (1908) -- 17. Illyricum et Thraeia (1894) -- 19. Italia inferior cum insulis (1901) -- 20. Italiae pars media (1902) -- 21. Roma urbs temporibus liberae reipublicae. Magna Graecia (1904) -- 22. Roma urbs inde ab imp. ; Augusti aetate (1903) -- 23. Italia superior cum regionibus ... (1902) --</subfield></datafield><datafield tag="505" ind1="8" ind2=" "><subfield code="a">24. Germania altero p. Chr.n. saeculo (1914) -- 25. Gallia secundo et tertio p. Chr.n. saeculo (1913) -- 26. Insulae Brittannicae (1893) -- 27. Hispania (1893) -- 33. Imperium Romanum usque ad Traianum et Antoninos (1911) -- 34. Imperium Romanum ab imperatore Diocletiano a p. Chr.n. 297 in dioceses et provincias distributum (1912) -- 36. Orbis terrarum secundum Cl. Ptolemaeum (1911).</subfield></datafield><datafield tag="650" ind1=" " ind2="0"><subfield code="a">Geography, Ancient</subfield><subfield code="v">Maps.</subfield></datafield><datafield tag="650" ind1=" " ind2="0"><subfield code="a">Geography, Ancient.</subfield></datafield><datafield tag="700" ind1="1" ind2=" "><subfield code="a">Kiepert, Richard,</subfield><subfield code="d">1846-1915</subfield></datafield><datafield tag="774" ind1="0" ind2=" "><subfield code="t">Syria. Mesopotamia. Assyria. Armenia Maior.</subfield><subfield code="o">MAPS 27A-93-5</subfield><subfield code="w">991000097219702696</subfield></datafield><datafield tag="774" ind1="0" ind2=" "><subfield code="t">Palaestina</subfield><subfield code="o">MAPS 27A-93-6</subfield><subfield code="w">991000097169702696</subfield></datafield><datafield tag="774" ind1="0" ind2=" "><subfield code="t">Phocis. Boeotia. Attica. Athenae.</subfield><subfield code="o">MAPS 27A-93-14</subfield><subfield code="w">991000097189702696</subfield></datafield><datafield tag="774" ind1="0" ind2=" "><subfield code="t">Italiae Pars Media</subfield><subfield code="o">MAPS 27A-93-20</subfield><subfield code="w">991000097049702696</subfield></datafield><datafield tag="774" ind1="0" ind2=" "><subfield code="t">Gallia secondo et tertio p. Chr. n. saeculo</subfield><subfield code="o">MAPS 27A-93-25</subfield><subfield code="w">991000096899702696</subfield></datafield><datafield tag="774" ind1="0" ind2=" "><subfield code="t">Insulae Britannicae</subfield><subfield code="o">MAPS 27A-93-26</subfield><subfield code="w">991000096989702696</subfield></datafield><datafield tag="942" ind1=" " ind2=" "><subfield code="a">The Albright Library has nos. 5. Syria. Mesopotamia. Assyria. Armenia Maior. (1910); 6. Palaestina (1911); 14. Phocis. Boeotia. Attica. Athenae. (1906); 20. Italiae pars media (1902); 25. Gallia secundo et tertio p. Chr.n. saeculo (1913); 26. Insulae Brittannicae (1893).</subfield></datafield><datafield tag="949" ind1=" " ind2=" "><subfield code="a">MAPS 27A-93-5, -6, -14, -20, -25, -26</subfield></datafield><datafield tag="950" ind1=" " ind2=" "><subfield code="a">Local import; Edinburgh University Library.</subfield></datafield><datafield tag="951" ind1=" " ind2=" "><subfield code="a">250+250a (V), 407 (VI), 67+67a (XIV), 358+358a (XX), 41+41a (XXV), 15+15a (XXVI)</subfield></datafield><datafield tag="999" ind1=" " ind2=" "><subfield code="a">MAP</subfield></datafield></record>