<record><leader>00596nem a2200193   4500</leader><controlfield tag="001">991000119139702696</controlfield><controlfield tag="005">20170313090230.0</controlfield><controlfield tag="008">090830s1953    gw        a  o  |   ger d</controlfield><datafield tag="035" ind1=" " ind2=" "><subfield code="a">(IL-JeALB)13346-972ai_inst</subfield></datafield><datafield tag="035" ind1=" " ind2=" "><subfield code="a">13346</subfield><subfield code="9">ExL</subfield></datafield><datafield tag="245" ind1="1" ind2="0"><subfield code="a">[El Jafr (Gafar)]</subfield></datafield><datafield tag="255" ind1=" " ind2=" "><subfield code="a">Scale 1:300,000</subfield></datafield><datafield tag="260" ind1=" " ind2=" "><subfield code="a">[S.l.] :</subfield><subfield code="b">Militargeographische Institute,</subfield><subfield code="c">1953</subfield></datafield><datafield tag="300" ind1=" " ind2=" "><subfield code="a">1 map on 1 sheet ;</subfield><subfield code="c">59 x 43.5 cm. on sheet 86 x 66 cm.</subfield></datafield><datafield tag="651" ind1=" " ind2="0"><subfield code="a">Asia</subfield><subfield code="z">Middle East</subfield><subfield code="z">Jordan</subfield><subfield code="v">Maps</subfield></datafield><datafield tag="949" ind1=" " ind2=" "><subfield code="a">MAPS 26-04-1</subfield></datafield><datafield tag="951" ind1=" " ind2=" "><subfield code="a">166</subfield></datafield><datafield tag="953" ind1=" " ind2=" "><subfield code="a">Materialized from nowhere in drawer 26, August 2009.</subfield></datafield><datafield tag="999" ind1=" " ind2=" "><subfield code="a">MAP</subfield></datafield></record>