<record><leader>00656nem a2200217 a 4500</leader><controlfield tag="001">991000121959702696</controlfield><controlfield tag="005">20161105044047.0</controlfield><controlfield tag="008">160508s1942    wau       a  |r |   eng |</controlfield><datafield tag="035" ind1=" " ind2=" "><subfield code="a">(IL-JeALB)13648-972ai_inst</subfield></datafield><datafield tag="035" ind1=" " ind2=" "><subfield code="a">13648</subfield><subfield code="9">ExL</subfield></datafield><datafield tag="110" ind1="1" ind2=" "><subfield code="a">National Geographic Society</subfield></datafield><datafield tag="245" ind1="1" ind2="4"><subfield code="a">Theater of war in Europe, Africa and Western Asia.</subfield><subfield code="h">[map]</subfield></datafield><datafield tag="255" ind1=" " ind2=" "><subfield code="a">Scale 1:15,000,000.</subfield></datafield><datafield tag="260" ind1=" " ind2=" "><subfield code="a">Washington, D.C. :</subfield><subfield code="b">National Geographic Magazine,</subfield><subfield code="c">1942.</subfield></datafield><datafield tag="300" ind1=" " ind2=" "><subfield code="a">1 map on 1 sheet ;</subfield></datafield><datafield tag="500" ind1=" " ind2=" "><subfield code="a">Mounted on board.</subfield></datafield><datafield tag="651" ind1=" " ind2="0"><subfield code="a">Middle East</subfield><subfield code="v">Maps.</subfield></datafield><datafield tag="651" ind1=" " ind2="0"><subfield code="a">Africa, North</subfield><subfield code="v">Maps.</subfield></datafield><datafield tag="651" ind1=" " ind2="0"><subfield code="a">Europe</subfield><subfield code="v">Maps.</subfield></datafield><datafield tag="949" ind1=" " ind2=" "><subfield code="a">MAPS 31-42</subfield></datafield><datafield tag="999" ind1=" " ind2=" "><subfield code="a">MAP</subfield></datafield></record>