<record><leader>00685nem a2200193 a 4500</leader><controlfield tag="001">991000121969702696</controlfield><controlfield tag="005">20161105044047.0</controlfield><controlfield tag="008">160508m19471979wau       |  |r |   eng |</controlfield><datafield tag="035" ind1=" " ind2=" "><subfield code="a">(IL-JeALB)13649-972ai_inst</subfield></datafield><datafield tag="035" ind1=" " ind2=" "><subfield code="a">13649</subfield><subfield code="9">ExL</subfield></datafield><datafield tag="110" ind1="1" ind2=" "><subfield code="a">National Geographic Society</subfield></datafield><datafield tag="245" ind1="1" ind2="0"><subfield code="a">National Geographic Society maps series.</subfield><subfield code="h">[map]</subfield></datafield><datafield tag="255" ind1=" " ind2=" "><subfield code="a">Scales vary.</subfield></datafield><datafield tag="260" ind1=" " ind2=" "><subfield code="a">Washington, D.C. :</subfield><subfield code="b">National Geographic Magazine,</subfield><subfield code="c">1947-1979.</subfield></datafield><datafield tag="300" ind1=" " ind2=" "><subfield code="a">1 map on 41 (of 87+) sheets ;</subfield></datafield><datafield tag="555" ind1=" " ind2=" "><subfield code="a">List of Albright-held sheets at:</subfield><subfield code="u">http://www.aiar.org/wp-content/uploads/2014/11/NationalGeographic31-70.pdf</subfield></datafield><datafield tag="651" ind1=" " ind2="0"><subfield code="a">World</subfield><subfield code="v">Maps.</subfield></datafield><datafield tag="949" ind1=" " ind2=" "><subfield code="a">MAPS 31-70-1 to 31-70-72</subfield></datafield><datafield tag="999" ind1=" " ind2=" "><subfield code="a">MAP</subfield></datafield></record>