<record><leader>02141nem a2200217 a 4500</leader><controlfield tag="001">991000121979702696</controlfield><controlfield tag="005">20161105044047.0</controlfield><controlfield tag="008">160508m19581967wau       |  |r |   eng||</controlfield><datafield tag="035" ind1=" " ind2=" "><subfield code="a">(IL-JeALB)13650-972ai_inst</subfield></datafield><datafield tag="035" ind1=" " ind2=" "><subfield code="a">13650</subfield><subfield code="9">ExL</subfield></datafield><datafield tag="110" ind1="1" ind2=" "><subfield code="a">National Geographic Society</subfield></datafield><datafield tag="245" ind1="1" ind2="0"><subfield code="a">Atlas Plate series.</subfield><subfield code="h">[map]</subfield></datafield><datafield tag="255" ind1=" " ind2=" "><subfield code="a">Scales vary.</subfield></datafield><datafield tag="260" ind1=" " ind2=" "><subfield code="a">Washington, D.C. :</subfield><subfield code="b">National Geographic Magazine,</subfield><subfield code="c">1958-1967.</subfield></datafield><datafield tag="300" ind1=" " ind2=" "><subfield code="a">1 map on 36 (of 65) sheets ;</subfield><subfield code="c">67 x 49 cm. or smaller, on 36 sheets 67 x 49 cm. or smaller</subfield></datafield><datafield tag="505" ind1="0" ind2=" "><subfield code="a">Sheets: 3. Top of the World -- 6. Northeastern United States -- 7. United States -- 8. Southeastern United States -- 9. North Central United States -- 10. South Central United States -- 11. Northwestern United States -- 12. Southwestern United States -- 14. Battlefields of the Civil War -- 15. Hawaii -- 18. Alaska -- 19. Canada -- 20. Eastern Canada -- 22. Mexico and Central America -- 24. Central Canada -- 25. South America -- 27. Southern South America -- 31. British Isles -- 32. France, Belgium and the Netherlands -- 34. Scandinavia -- 35. Germany -- 37. Italy -- 38. Poland and Czechoslovakia -- 40. Greece and the Aegean -- 44. Asia and adjacent areas -- 45. Western Soviet Union -- 46. Eastern Soviet Union -- 47. Lands of the Mediterranean -- 48. Southwest Asia -- 49. Southeast Asia -- 51. Japan and Korea -- 54. Africa -- 55. Northwestern Africa -- 57. Southern Africa -- 61. Pacific Ocean -- 65. Antarctica.</subfield></datafield><datafield tag="555" ind1=" " ind2=" "><subfield code="a">List of Albright-held sheets at:</subfield><subfield code="u">http://www.aiar.org/wp-content/uploads/2014/11/NationalGeographic31-58.pdf</subfield></datafield><datafield tag="651" ind1=" " ind2="0"><subfield code="a">World</subfield><subfield code="v">Maps.</subfield></datafield><datafield tag="949" ind1=" " ind2=" "><subfield code="a">MAPS 31-58-3 to 31-58-65</subfield></datafield><datafield tag="951" ind1=" " ind2=" "><subfield code="a">791 (sh.3); 321 (sh.6); 888 (sh.7); 801 (sh.8); 25 (sh.9); 798 (sh.10); 789 (sh.11); 322 (sh.12); 813 (sh.14); 825 (sh.15); 26 (sh.18); 824 (sh.19); 786 (sh.20); 802 (sh.22); 831 (sh.24); 30 (sh.25); 361 (sh.27); 795 (sh.31); 16 (sh.32); 787 (sh.34); 23 (sh.35); 816 (sh.37); 31 (sh.38); 17 (sh.40); 27 (sh.44); 819 (sh.45); 793 (sh.46); 841 (sh.47); 842 (sh.48); 827 (sh.49); 45 (sh.51); 797 (sh.54); 792 (sh.55); 822 (sh.57); 823a, 823b (sh.61); 830 (sh.65).</subfield></datafield><datafield tag="999" ind1=" " ind2=" "><subfield code="a">MAP</subfield></datafield></record>