<record><leader>00977nem a2200229 a 4500</leader><controlfield tag="001">991000121999702696</controlfield><controlfield tag="005">20161105044047.0</controlfield><controlfield tag="008">160508m19781980wau       |  |r |   eng |</controlfield><datafield tag="035" ind1=" " ind2=" "><subfield code="a">(IL-JeALB)13652-972ai_inst</subfield></datafield><datafield tag="035" ind1=" " ind2=" "><subfield code="a">13652</subfield><subfield code="9">ExL</subfield></datafield><datafield tag="110" ind1="1" ind2=" "><subfield code="a">National Geographic Society</subfield></datafield><datafield tag="245" ind1="1" ind2="0"><subfield code="a">Close-up :</subfield><subfield code="b">Canada.</subfield><subfield code="h">[map]</subfield></datafield><datafield tag="255" ind1=" " ind2=" "><subfield code="a">Scales vary.</subfield></datafield><datafield tag="260" ind1=" " ind2=" "><subfield code="a">Washington, D.C. :</subfield><subfield code="b">National Geographic Magazine,</subfield><subfield code="c">1978-1980.</subfield></datafield><datafield tag="300" ind1=" " ind2=" "><subfield code="a">1 map on 3 (of 6+) sheets ;</subfield><subfield code="c">85 x 58 cm. or smaller, on 3 sheets 85 x 58 cm. or smaller</subfield></datafield><datafield tag="505" ind1="0" ind2=" "><subfield code="a">Sheets: 2. Quebec and Newfoundland -- 3. Ontario -- 6. British Columbia, </subfield></datafield><datafield tag="555" ind1=" " ind2=" "><subfield code="a">List of Albright-held sheets at:</subfield><subfield code="u">http://www.aiar.org/wp-content/uploads/2014/11/NationalGeographic31-78.pdf</subfield></datafield><datafield tag="595" ind1=" " ind2=" "><subfield code="a">Sheet sizes: Sheet 2, 74 x 58 cm. Sheet 3, 85 x 58 cm. Sheet 6, 69 x 58 cm.</subfield></datafield><datafield tag="651" ind1=" " ind2="0"><subfield code="a">America, North</subfield><subfield code="z">Canada</subfield><subfield code="v">Maps.</subfield></datafield><datafield tag="949" ind1=" " ind2=" "><subfield code="a">MAPS 31-78-2, -3, -6</subfield></datafield><datafield tag="951" ind1=" " ind2=" "><subfield code="a">780 (sh.2); 774 (sh.3); 782 (sh.6).</subfield></datafield><datafield tag="999" ind1=" " ind2=" "><subfield code="a">MAP</subfield></datafield></record>