<record><leader>00928nem a2200181   4500</leader><controlfield tag="001">991000122189702696</controlfield><controlfield tag="005">20161105044036.0</controlfield><controlfield tag="008">160508s1984    is        a   r 0   heb u</controlfield><datafield tag="035" ind1=" " ind2=" "><subfield code="a">(IL-JeALB)13671-972ai_inst</subfield></datafield><datafield tag="035" ind1=" " ind2=" "><subfield code="a">13671</subfield><subfield code="9">ExL</subfield></datafield><datafield tag="245" ind1="1" ind2="0"><subfield code="a">,        = Planning, building and touring in Israel with maps of the Survey of Israel</subfield></datafield><datafield tag="260" ind1=" " ind2=" "><subfield code="a">Tel-Aviv :</subfield><subfield code="b">Survey of Israel,</subfield><subfield code="c">1984</subfield></datafield><datafield tag="300" ind1=" " ind2=" "><subfield code="a">1 map on 1 sheet ;</subfield><subfield code="c">58.3 x 41 cm., folded to 21 x 14.6 cm.</subfield></datafield><datafield tag="546" ind1=" " ind2=" "><subfield code="a">Hebrew and English.</subfield></datafield><datafield tag="710" ind1="2" ind2=" "><subfield code="a"> </subfield></datafield><datafield tag="710" ind1="2" ind2=" "><subfield code="a">Survey of Israel</subfield></datafield><datafield tag="949" ind1=" " ind2=" "><subfield code="a">MAPS 23B-01-13</subfield></datafield><datafield tag="999" ind1=" " ind2=" "><subfield code="a">MAP</subfield></datafield></record>