<record><leader>05827nem a2200373 u 4500</leader><controlfield tag="001">991000159089702696</controlfield><controlfield tag="005">20170201143232.0</controlfield><controlfield tag="008">41102sm20072014is        b     |  eheb||</controlfield><datafield tag="035" ind1=" " ind2=" "><subfield code="a">(IL-JeALB)17537-972ai_inst</subfield></datafield><datafield tag="035" ind1=" " ind2=" "><subfield code="a">17537</subfield><subfield code="9">ExL</subfield></datafield><datafield tag="040" ind1=" " ind2=" "><subfield code="a">heb</subfield><subfield code="e">rda</subfield></datafield><datafield tag="242" ind1="0" ind2="0"><subfield code="a">Excursion maps with marked trails.</subfield></datafield><datafield tag="245" ind1="1" ind2="0"><subfield code="a">   </subfield><subfield code="h">[map]</subfield></datafield><datafield tag="255" ind1=" " ind2=" "><subfield code="a">Scale: 1:50,000</subfield></datafield><datafield tag="260" ind1=" " ind2=" "><subfield code="a">Israel</subfield><subfield code="b">Society for the Protection of Nature,</subfield><subfield code="c">2007-2014</subfield></datafield><datafield tag="300" ind1=" " ind2=" "><subfield code="a">1 map on 20 sheets :</subfield><subfield code="b">folded, laminated, color ;</subfield><subfield code="c">77.5 x 123 cm. or smaller</subfield></datafield><datafield tag="336" ind1=" " ind2=" "><subfield code="a">cartographic image</subfield><subfield code="2">rdacontent</subfield></datafield><datafield tag="337" ind1=" " ind2=" "><subfield code="a">unmediated</subfield><subfield code="2">rdamedia</subfield></datafield><datafield tag="338" ind1=" " ind2=" "><subfield code="a">sheet</subfield><subfield code="2">rdacarrier</subfield></datafield><datafield tag="500" ind1=" " ind2=" "><subfield code="a">On the back of each map there are charts, map insets, images and hiking information.</subfield></datafield><datafield tag="505" ind1="0" ind2=" "><subfield code="a">: 1. ,  " " (2014) -- 2.   (2013) -- 3.  ,   (2014) -- 4.  (2014) -- 5-6.     (2011) -- 7.    (2012) -- 8.      (2014) -- 9.   (2011) -- 10.  ,   (2014) -- : 11.      (2013) -- 12.      (2011) -- 13.    (" ") (2014) -- 14.     (2014) -- 15.   (2012) -- 16.    (2013) -- 17.     (2013) -- 18.    (2012) -- 19.     (2007) -- 20.   (2014).</subfield></datafield><datafield tag="546" ind1=" " ind2=" "><subfield code="a">Hebrew.</subfield></datafield><datafield tag="650" ind1=" " ind2="0"><subfield code="a">Roads</subfield><subfield code="z">Israel</subfield><subfield code="v">Maps</subfield></datafield><datafield tag="651" ind1=" " ind2="0"><subfield code="a">Middle East</subfield><subfield code="z">Israel</subfield><subfield code="v">Maps.</subfield></datafield><datafield tag="700" ind1="1" ind2=" "><subfield code="a">Devir, Ori</subfield></datafield><datafield tag="710" ind1="2" ind2=" "><subfield code="a">  ,   </subfield></datafield><datafield tag="710" ind1="1" ind2=" "><subfield code="a">Israel.</subfield><subfield code="b">Society for the Protection of Nature (SPNI).</subfield><subfield code="e">cartographer.</subfield></datafield><datafield tag="905" ind1=" " ind2=" "><subfield code="a">North: 1. Mount Hermon, Golan Heights and Galilee panhandle (2014) -- 2. Upper Galilee (2013) -- 3. Lower Galilee, the [Jezreel, Bet Shean] valleys and Mount Gilboa (2014) -- 4. Mount Carmel (2014) -- 5-6. Jordan Rift Valley and Eastern Samaria (2011) -- 7. Sharon and Western Samaria (2012) -- 8. Northern Judean desert and Dead Sea (2014) -- 9. Jerusalem corridor (2011) -- 10. Dan Region, Pleshet Coast (2014) -- South: 11. Southern Judean desert and Dead Sea (2013) -- 12. Southern Shfela [lowlands] and Hebron hills fringe (2011) -- 13. Negev coastal plain (Western Negev) (2014) -- 14. Northern Arava [savannah] and Eastern Negev (2014) -- 15. Central Negev (2012) -- 16. Negev desert and highlands (2013) -- 17. Central Arava and Eastern Negev hills (2013) -- 18. Western Negev hills (2012) -- 19. Faran Plain and the large streams (2007) -- 20. Eilat mountains (2014).</subfield></datafield><datafield tag="910" ind1="1" ind2=" "><subfield code="a">Uri, Dvir,</subfield><subfield code="e">editor</subfield></datafield><datafield tag="941" ind1=" " ind2=" "><subfield code="c">Gift from</subfield><subfield code="a">Matthew J. Adams</subfield><subfield code="d">November 2014</subfield><subfield code="3">(second copy of sheet 5-6, Jordan Rift Valley and Eastern Samaria)</subfield></datafield><datafield tag="946" ind1=" " ind2=" "><subfield code="a">Mapot tiyulim ve-simun shvilim.</subfield></datafield><datafield tag="949" ind1=" " ind2=" "><subfield code="a">MAPS 20-2014-01 to 20-2014-20</subfield></datafield><datafield tag="951" ind1=" " ind2=" "><subfield code="a">20629 (sh. 1); 20630 (sh. 2); 20631 (sh. 3); 20632 (sh. 4); 20633 (sh. 5-6); 20628 (dupl. sh. 5-6, gift from M. Adams); 20634 (sh. 7); 20635 (sh. 8); 20636 (sh. 9); 20637 (sh. 10); 20638 (sh. 11); 20639 (sh. 12); 20640 (sh. 13); 20641 (sh. 14); 20642 (sh. 15); 20643 (sh. 16); 20644 (sh. 17); 20645 (sh. 18); 20646 (sh. 19); 20647 (sh. 20)</subfield></datafield><datafield tag="999" ind1=" " ind2=" "><subfield code="a">MAP</subfield></datafield></record>