<record><leader>08007nem a2200289   4500</leader><controlfield tag="001">991000096039702696</controlfield><controlfield tag="005">20170202120800.0</controlfield><controlfield tag="008">051118s1983    is        a  o  |   eng d</controlfield><datafield tag="035" ind1=" " ind2=" "><subfield code="a">(IL-JeALB)10204-972ai_inst</subfield></datafield><datafield tag="035" ind1=" " ind2=" "><subfield code="a">10204</subfield><subfield code="9">ExL</subfield></datafield><datafield tag="035" ind1=" " ind2=" "><subfield code="a">map00000008</subfield></datafield><datafield tag="110" ind1="1" ind2=" "><subfield code="a">Israel. Survey of Israel</subfield></datafield><datafield tag="242" ind1="0" ind2="0"><subfield code="a">Israel 1:50,000</subfield></datafield><datafield tag="245" ind1="1" ind2="0"><subfield code="a"> 1:50,000</subfield><subfield code="h">[map]</subfield></datafield><datafield tag="255" ind1=" " ind2=" "><subfield code="a">Scale 1:50,000</subfield></datafield><datafield tag="260" ind1=" " ind2=" "><subfield code="b">Israel. Survey of Israel,</subfield><subfield code="c">1983</subfield></datafield><datafield tag="300" ind1=" " ind2=" "><subfield code="a">1 map on 71 (of ?100) sheets;</subfield><subfield code="c">42 x 63 cm. or smaller on 71 sheets 63 x 75 cm. or smaller.</subfield></datafield><datafield tag="505" ind1="0" ind2=" "><subfield code="a">List of sheets: 1-IV  [Nahariya]--2-II  [Metula]--2-III  [Safad]--2-IV - [Rosh-Pina]--2-IIE  - [Merom-Golan]--3-I  [Haifa]--3-II  [Shefaram]--3-III  [Atlit]--3-IV  [Nazareth]--4-I  [Arbel]--4-IIE  - [Ramat-Magshimim]--4-IIW   [Tiberias]--4-III - [Kefar-Tavor]--4-IV  [Afikim]--5-I  [Hedera]--5-II  - [Um El-Fahem]--5-III (x2)  [Netanya]--5-IV  [Shechem]--6-I/II - [Beth-Shean]--6-III/IV  [Bekaot]--7-II -- [Tel-Aviv-Jaffa]--7-IV - [Rishon-LeTzion]--8-I - [Kefar-Sava]--8-II  [Salfit]--8-III  [Lod]--8-IV  [Ramallah]--9-I/II - [Maaleh-Ephraim]--9-III/IV  [Jericho]--10-1  [Ashdod]--10-II  [Gedera]--10-III  [Ashkelon]--10-IV - [Kiryat-Gat]--11-I - [Beth-Shemesh]--12-I/II " [Kalya]--13-II  [Nirim]--13-IV - [Nir-Yitzhak]--14-I  [Netivot]--14-II - [Mishmar-HaNegev]--14-III  [Tze'elim]--14-IV - [Beersheba]--15-I  [Eshtmo'a]--15-II   [Mt. Hetzron]--15-III   [Tel Malhata]--15-IV  [Arad]--16-I/II - [En-Gedi]--16-III/IV - [Neva-Zohar]--17-I  - [Bir E-Rutel]--18-I   [Rehovot-in-the-Negev]--18-II  [Revivim]--18-III  [Shivta]--18-IV  [Dimona]--19-I - [Sde-Boker]--19-II   [Maktesh Katan (The Small Crater)]--19-III  [Oron]--19-IV/20-III - [Neot-HaKikar]--21-II - [Mitzpeh-Ramon]--21-IV   [Beerot Oded]--22-I   [Mt. Ardon]--22-II - [En-Yahav]--22-III/IV (x2)  [Tzofar]--23-I   [Mt. Sagi]--23-II   [Mt. Karkom]--23-III  - [Jebel El-Ahekba]--23-IV   [Mt. Tznifim]--24-I/II  [Paran]--24-III/IV  [Yahel]--25-I   [Mitzpeh Sayarim]--25-II  [Yotvata]--25-III   [Mt. Sguv]--25-IV - [Beer-Ora]--26-I   [En Netafim].</subfield></datafield><datafield tag="506" ind1=" " ind2=" "><subfield code="a">May require conservation work before use.</subfield></datafield><datafield tag="546" ind1=" " ind2=" "><subfield code="a">Hebrew.</subfield></datafield><datafield tag="595" ind1=" " ind2=" "><subfield code="a">Sheet sizes: 1-IV, 59 x 56 cm.; 2-II, 70 x 50 cm.; 2-III, 70 x 50 cm.; 2-IV, 59 x 48 cm.; 2-II E, 70 x 50 cm.; 3-I, 70 x 50 cm.; 3-II, 57 x 50 cm.; 3-III, 57 x 47 cm.; 3-IV, 70 x 50 cm.; 4-I, 60 x 47 cm.; 4-IIE, 64 x 50 cm.; 4-IIW, 70 x 50 cm.; 4-III, 60 x 50 cm.; 4-IV, 68 x 58 cm.; 5-I, 74 x 62 cm.; 5-II, 69 x 50 cm.; 5-III, 74 x 63 cm.; 5-IV, 70 x 49 cm.; 6-I/II, 70 x 58 cm.; 6-III/IV, 64 x 58 cm.; 7-II, 60 x 50 cm.; 7-IV, 60 x 49 cm.; 8-I, 60 x 50 cm.; 8-II, 70 x 50 cm.; 8-III, 59 x 60 cm.; 8-IV, 60 x 50 cm.; 9-I/II, 61 x 57 cm.; 9-III/IV, 59 x 57 cm.; 10-1, 70 x 50 cm.; 10-II, 59 x 50 cm.; 10-III, 60 x 56 cm.; 10-IV, 70 x 50 cm.; 11-I, 61 x 50 cm.; 12-I/II, 63 x 58 cm.; 13-II, 63 x 57 cm.; 13-IV, 70 x 50 cm.; 14-I, 70 x 50 cm.; 14-II, 70 x 50 cm.; 14-III, 70 x 50 cm.; 14-IV, 70 x 50 cm.; 15-I, 58 x 50 cm.; 15-II, 70 x 50 cm.; 15-III, 70 x 50 cm.; 15-IV, 70 x 50 cm.; 16-I/II, 59 x 56 cm.; 16-III/IV, 75 x 63 cm.; 17-I, 62 x 50 cm.; 18-I, 70 x 50 cm.; 18-II, 70 x 50 cm.; 18-III, 62 x 50 cm.; 18-IV, 59 x 50 cm.; 19-I, 70 x 50 cm.; 19-II, 70 x 50 cm.; 19-III, 60 x 50 cm.; 19-IV/20-III, 70 x 58 cm.; 21-II, 60 x 50 cm.; 21-IV, 70 x 50 cm.; 22-I, 56 x 47 cm.; 22-II, 58 x 50 cm.; 22-III/IV, 70 x 58 cm.; 23-I, 70 x 50 cm.; 23-II, 57 x 50 cm.; 23-III, 70 x 50 cm.; 23-IV, 57 x 50 cm.; 24-I/II, 75 x 57 cm.; 24-III/IV, 75 x 57 cm.; 25-I, 70 x 50 cm.; 25-II, 70 x 50 cm.; 25-III, 70 x 50 cm.; 25-IV, 70 x 50 cm.; 26-I, 70 x 50 cm.</subfield></datafield><datafield tag="651" ind1=" " ind2="0"><subfield code="a">Asia</subfield><subfield code="z">Middle East</subfield><subfield code="z">Israel</subfield><subfield code="v">Maps.</subfield></datafield><datafield tag="653" ind1=" " ind2=" "><subfield code="a">Bet She'an (Israel)</subfield></datafield><datafield tag="913" ind1=" " ind2=" "><subfield code="1">17</subfield><subfield code="2">Publisher</subfield><subfield code="5">Uncertain</subfield><subfield code="6">Full</subfield></datafield><datafield tag="949" ind1=" " ind2=" "><subfield code="a">MAPS 20-83-1-IV to 20-83-26-I</subfield></datafield><datafield tag="953" ind1=" " ind2=" "><subfield code="n">Stored in 2 folders. Folder 1 : 20-83-1-IV, -2-II, -2-III, -2-IV, -2-IIE, -3-I, -3-II, -3-III, -3-IV, -4-I, -4-IIE, -4-IIW, -4-III, -4-IV, -5-I, -5-II, -5-III, -5-IV, -6-I/II, -6-III/IV, -7-II, -7-IV, -8-I, -8-II, -8-III, -8-IV, -9-I/II, -9-III/IV, -10-1, -10-II, -10-III, -10-IV, -11-I, -12-I/II, -13-II, -13-IV. Folder 2 : 20-83-14-I, -14-II, -14-III, -14-IV, -15-I, -15-II, -15-III, -15-IV, -16-I/II, -16-III/IV, -17-I, -18-I, -18-II, -18-III, -18-IV, -19-I, -19-II, -19-III, -19-IV/20-III, -21-II, -21-IV, -22-I, -22-II, -22-III/IV, -23-I, -23-II, -23-III, -23-IV, -24-I/II, -24-III/IV, -25-I, -25-II, -25-III, -25-IV, -26-I.</subfield></datafield><datafield tag="999" ind1=" " ind2=" "><subfield code="a">MAP</subfield></datafield></record>