<record><leader>01074nem a2200265   4500</leader><controlfield tag="001">991000096049702696</controlfield><controlfield tag="005">20170202120800.0</controlfield><controlfield tag="008">051118s1980    is        a  o  |   heb d</controlfield><datafield tag="035" ind1=" " ind2=" "><subfield code="a">(IL-JeALB)10205-972ai_inst</subfield></datafield><datafield tag="035" ind1=" " ind2=" "><subfield code="a">10205</subfield><subfield code="9">ExL</subfield></datafield><datafield tag="035" ind1=" " ind2=" "><subfield code="a">map00000015</subfield></datafield><datafield tag="110" ind1="1" ind2=" "><subfield code="a">Israel. Survey of Israel</subfield></datafield><datafield tag="242" ind1="0" ind2="0"><subfield code="a">Nature reserves in Israel</subfield></datafield><datafield tag="245" ind1="1" ind2="0"><subfield code="a">  </subfield><subfield code="h">[map]</subfield></datafield><datafield tag="255" ind1=" " ind2=" "><subfield code="a">Scale 1:100,000</subfield></datafield><datafield tag="260" ind1=" " ind2=" "><subfield code="b">Israel. Survey of Israel,</subfield><subfield code="c">1980</subfield></datafield><datafield tag="300" ind1=" " ind2=" "><subfield code="a">1 map on 4 (of 5) sheets;</subfield><subfield code="c">110.8 x 110.6 cm. or smaller on 4 sheets 114 x 88 cm. or smaller.</subfield></datafield><datafield tag="500" ind1=" " ind2=" "><subfield code="a">Sheets 2-5 only. All sheets bear the same title.</subfield></datafield><datafield tag="506" ind1=" " ind2=" "><subfield code="a">May require conservation work before use.</subfield></datafield><datafield tag="546" ind1=" " ind2=" "><subfield code="a">Hebrew.</subfield></datafield><datafield tag="595" ind1=" " ind2=" "><subfield code="a">Sheet sizes: Sheet 2, 93 x 87.5 cm. Sheet 3, 113 x 88 cm. Sheet 4, 102 x 88 cm. Sheet 5, 114 x 74 cm.</subfield></datafield><datafield tag="651" ind1=" " ind2="0"><subfield code="a">Asia</subfield><subfield code="z">Middle East</subfield><subfield code="z">Israel</subfield><subfield code="v">Maps.</subfield></datafield><datafield tag="913" ind1=" " ind2=" "><subfield code="1">24</subfield><subfield code="2">Publisher</subfield><subfield code="5">Uncertain</subfield><subfield code="6">Full</subfield></datafield><datafield tag="949" ind1=" " ind2=" "><subfield code="a">MAPS 20-80-2,-3,-4,-5</subfield></datafield><datafield tag="999" ind1=" " ind2=" "><subfield code="a">MAP</subfield></datafield></record>