<record><leader>01177nem a2200265   4500</leader><controlfield tag="001">991000096059702696</controlfield><controlfield tag="005">20170202120800.0</controlfield><controlfield tag="008">051118s1987    is           o  |   heb d</controlfield><datafield tag="035" ind1=" " ind2=" "><subfield code="a">(IL-JeALB)10206-972ai_inst</subfield></datafield><datafield tag="035" ind1=" " ind2=" "><subfield code="a">10206</subfield><subfield code="9">ExL</subfield></datafield><datafield tag="035" ind1=" " ind2=" "><subfield code="a">map00000016</subfield></datafield><datafield tag="110" ind1="1" ind2=" "><subfield code="a">Israel. Survey of Israel</subfield></datafield><datafield tag="242" ind1="0" ind2="0"><subfield code="a">Nature reserves in Israel</subfield></datafield><datafield tag="245" ind1="1" ind2="0"><subfield code="a">  </subfield><subfield code="h">[map]</subfield></datafield><datafield tag="255" ind1=" " ind2=" "><subfield code="a">Scale 1:100,000</subfield></datafield><datafield tag="260" ind1=" " ind2=" "><subfield code="b">Israel. Survey of Israel,</subfield><subfield code="c">1987</subfield></datafield><datafield tag="300" ind1=" " ind2=" "><subfield code="a">1 map on 6 sheets;</subfield><subfield code="c">76 x 111 cm. or smaller on 6 sheets 114 x 78 cm. or smaller</subfield></datafield><datafield tag="500" ind1=" " ind2=" "><subfield code="a">All sheets bear the same title. Sheet 3 contains an extension inset (A). The library has a second copy of sheets 2-6.</subfield></datafield><datafield tag="506" ind1=" " ind2=" "><subfield code="a">May require conservation work before use.</subfield></datafield><datafield tag="546" ind1=" " ind2=" "><subfield code="a">Hebrew.</subfield></datafield><datafield tag="595" ind1=" " ind2=" "><subfield code="a">Sheet sizes: Sheet 1, 103 x 78 cm. Sheet 2, 11 x 78 cm. Sheet 3, 114 x 76 cm. Sheet 4, 112 x 76 cm. Sheet 5, 109 x 77 cm. Sheet 6, 92 x 77 cm.</subfield></datafield><datafield tag="651" ind1=" " ind2="0"><subfield code="a">Asia</subfield><subfield code="z">Middle East</subfield><subfield code="z">Israel</subfield><subfield code="v">Maps.</subfield></datafield><datafield tag="913" ind1=" " ind2=" "><subfield code="1">25</subfield><subfield code="2">Publisher</subfield><subfield code="5">Uncertain</subfield><subfield code="6">Full</subfield></datafield><datafield tag="949" ind1=" " ind2=" "><subfield code="a">MAPS 20-87-1,-2,-3,-4,-5,-6</subfield></datafield><datafield tag="999" ind1=" " ind2=" "><subfield code="a">MAP</subfield></datafield></record>