<record><leader>00970nem a2200253   4500</leader><controlfield tag="001">991000096069702696</controlfield><controlfield tag="005">20170202120800.0</controlfield><controlfield tag="008">051118s1980    is        a  o  |   heb d</controlfield><datafield tag="035" ind1=" " ind2=" "><subfield code="a">(IL-JeALB)10207-972ai_inst</subfield></datafield><datafield tag="035" ind1=" " ind2=" "><subfield code="a">10207</subfield><subfield code="9">ExL</subfield></datafield><datafield tag="035" ind1=" " ind2=" "><subfield code="a">map00000017</subfield></datafield><datafield tag="110" ind1="1" ind2=" "><subfield code="a">Israel. Survey of Israel</subfield></datafield><datafield tag="242" ind1="0" ind2="0"><subfield code="a">Israel : Touring and hiking map</subfield></datafield><datafield tag="245" ind1="1" ind2="0"><subfield code="a"> :</subfield><subfield code="b">  </subfield><subfield code="h">[map]</subfield></datafield><datafield tag="255" ind1=" " ind2=" "><subfield code="a">Scale 1:250,000</subfield></datafield><datafield tag="260" ind1=" " ind2=" "><subfield code="b">Israel. Survey of Israel,</subfield><subfield code="c">1980</subfield></datafield><datafield tag="300" ind1=" " ind2=" "><subfield code="a">1 map on 1 (of ?2) sheets;</subfield><subfield code="c">86 x 66.4 cm. on sheet 91 x 68 cm.</subfield></datafield><datafield tag="500" ind1=" " ind2=" "><subfield code="a">This is the southern sheet only. Includes inset of Sinai Peninsula.</subfield></datafield><datafield tag="506" ind1=" " ind2=" "><subfield code="a">May require conservation work before use.</subfield></datafield><datafield tag="546" ind1=" " ind2=" "><subfield code="a">Hebrew.</subfield></datafield><datafield tag="651" ind1=" " ind2="0"><subfield code="a">Asia</subfield><subfield code="z">Middle East</subfield><subfield code="z">Israel</subfield><subfield code="z">South</subfield><subfield code="v">Maps.</subfield></datafield><datafield tag="913" ind1=" " ind2=" "><subfield code="1">26</subfield><subfield code="2">Publisher</subfield><subfield code="5">Uncertain</subfield><subfield code="6">Full</subfield></datafield><datafield tag="949" ind1=" " ind2=" "><subfield code="a">MAPS 20-80-00</subfield></datafield><datafield tag="999" ind1=" " ind2=" "><subfield code="a">MAP</subfield></datafield></record>