<record><leader>01132nem a2200277   4500</leader><controlfield tag="001">991000096079702696</controlfield><controlfield tag="005">20170202120800.0</controlfield><controlfield tag="008">051118s1976    is        a  o  |   heb d</controlfield><datafield tag="035" ind1=" " ind2=" "><subfield code="a">(IL-JeALB)10208-972ai_inst</subfield></datafield><datafield tag="035" ind1=" " ind2=" "><subfield code="a">10208</subfield><subfield code="9">ExL</subfield></datafield><datafield tag="035" ind1=" " ind2=" "><subfield code="a">map00000018</subfield></datafield><datafield tag="110" ind1="1" ind2=" "><subfield code="a">Israel. Survey of Israel</subfield></datafield><datafield tag="242" ind1="0" ind2="0"><subfield code="a">Israel : Geological Map</subfield></datafield><datafield tag="245" ind1="1" ind2="0"><subfield code="a"> :</subfield><subfield code="b"> </subfield><subfield code="h">[map]</subfield></datafield><datafield tag="255" ind1=" " ind2=" "><subfield code="a">Scale 1:250,000</subfield></datafield><datafield tag="260" ind1=" " ind2=" "><subfield code="b">Israel. Survey of Israel,</subfield><subfield code="c">Sep. 1976</subfield></datafield><datafield tag="300" ind1=" " ind2=" "><subfield code="a">1 map on 2 sheets;</subfield><subfield code="c">86.3 x 66.4 cm. on 2 sheets 91 x 68 cm.</subfield></datafield><datafield tag="505" ind1="0" ind2=" "><subfield code="a">1:  [North]--2:  [South]</subfield></datafield><datafield tag="506" ind1=" " ind2=" "><subfield code="a">May require conservation work before use.</subfield></datafield><datafield tag="546" ind1=" " ind2=" "><subfield code="a">Hebrew and English.</subfield></datafield><datafield tag="651" ind1=" " ind2="0"><subfield code="a">Asia</subfield><subfield code="z">Middle East</subfield><subfield code="z">Israel</subfield><subfield code="v">Maps.</subfield></datafield><datafield tag="720" ind1="1" ind2=" "><subfield code="a">L.Y. Picard, U. Golani</subfield><subfield code="e">, compilers of sheet 1.</subfield></datafield><datafield tag="720" ind1="1" ind2=" "><subfield code="a">Y.K. Bentor, A. Vroman, I. Zak</subfield><subfield code="e">, compilers of sheet 2.</subfield></datafield><datafield tag="913" ind1=" " ind2=" "><subfield code="1">27</subfield><subfield code="2">Publisher</subfield><subfield code="5">Uncertain</subfield><subfield code="6">Uncertain</subfield></datafield><datafield tag="949" ind1=" " ind2=" "><subfield code="a">MAPS 20-76-1,-2</subfield></datafield><datafield tag="999" ind1=" " ind2=" "><subfield code="a">MAP</subfield></datafield></record>