<record><leader>01114nem a2200265   4500</leader><controlfield tag="001">991000096089702696</controlfield><controlfield tag="005">20170202120800.0</controlfield><controlfield tag="008">051118s1965    is        a  o  |   heb d</controlfield><datafield tag="035" ind1=" " ind2=" "><subfield code="a">(IL-JeALB)10209-972ai_inst</subfield></datafield><datafield tag="035" ind1=" " ind2=" "><subfield code="a">10209</subfield><subfield code="9">ExL</subfield></datafield><datafield tag="035" ind1=" " ind2=" "><subfield code="a">map00000019</subfield></datafield><datafield tag="242" ind1="0" ind2="0"><subfield code="a">Eretz Israel at the time of the Second Temple, Mishnah and Talmud</subfield></datafield><datafield tag="245" ind1="1" ind2="0"><subfield code="a">    ,  </subfield><subfield code="h">[map]</subfield></datafield><datafield tag="255" ind1=" " ind2=" "><subfield code="a">Scale 1:350,000</subfield></datafield><datafield tag="260" ind1=" " ind2=" "><subfield code="b">Israel. Survey of Israel,</subfield><subfield code="c">July 1965</subfield></datafield><datafield tag="300" ind1=" " ind2=" "><subfield code="a">1 map on 1 sheet;</subfield><subfield code="c">76 x 50.3 cm. on sheet 84 x 58 cm.</subfield></datafield><datafield tag="500" ind1=" " ind2=" "><subfield code="a">Detailed historical map.</subfield></datafield><datafield tag="506" ind1=" " ind2=" "><subfield code="a">May require conservation work before use.</subfield></datafield><datafield tag="546" ind1=" " ind2=" "><subfield code="a">Hebrew.</subfield></datafield><datafield tag="651" ind1=" " ind2="0"><subfield code="a">Asia</subfield><subfield code="z">Middle East</subfield><subfield code="z">Palestine</subfield><subfield code="v">Maps.</subfield></datafield><datafield tag="700" ind1="1" ind2=" "><subfield code="a">Avi-Yonah, Michael,</subfield><subfield code="d">1904-1974</subfield><subfield code="e">, editor</subfield></datafield><datafield tag="913" ind1=" " ind2=" "><subfield code="1">28</subfield><subfield code="2">Publisher</subfield><subfield code="5">Uncertain</subfield><subfield code="6">Uncertain</subfield></datafield><datafield tag="949" ind1=" " ind2=" "><subfield code="a">MAPS 23B-02-1</subfield></datafield><datafield tag="951" ind1=" " ind2=" "><subfield code="a">84</subfield></datafield><datafield tag="999" ind1=" " ind2=" "><subfield code="a">MAP</subfield></datafield></record>