<record><leader>01367nem a2200277   4500</leader><controlfield tag="001">991000096099702696</controlfield><controlfield tag="005">20170202120800.0</controlfield><controlfield tag="008">051118s1958    is        a  o  |   heb d</controlfield><datafield tag="035" ind1=" " ind2=" "><subfield code="a">(IL-JeALB)10210-972ai_inst</subfield></datafield><datafield tag="035" ind1=" " ind2=" "><subfield code="a">10210</subfield><subfield code="9">ExL</subfield></datafield><datafield tag="035" ind1=" " ind2=" "><subfield code="a">map00000020</subfield></datafield><datafield tag="110" ind1="1" ind2=" "><subfield code="a">Israel. Survey of Israel</subfield></datafield><datafield tag="242" ind1="0" ind2="0"><subfield code="a">Eretz Israel 1:100,000</subfield></datafield><datafield tag="245" ind1="1" ind2="0"><subfield code="a">  1:100,000</subfield><subfield code="h">[map]</subfield></datafield><datafield tag="255" ind1=" " ind2=" "><subfield code="a">Scale 1:100,000</subfield></datafield><datafield tag="260" ind1=" " ind2=" "><subfield code="b">Israel. Survey of Israel,</subfield><subfield code="c">1958-1960</subfield></datafield><datafield tag="300" ind1=" " ind2=" "><subfield code="a">1 map on 5 (of 24) sheets;</subfield><subfield code="c">51.6 x 46.8 cm. or smaller on sheets 60 x 58 cm. or smaller</subfield></datafield><datafield tag="505" ind1="0" ind2=" "><subfield code="a">List of sheets: 17:  [Nitzana]--20:   [Mt. Lotz]--21:   [Mt. Omer]--23:  [Yotvata]--24:  [Eilat or Elath]</subfield></datafield><datafield tag="506" ind1=" " ind2=" "><subfield code="a">May require conservation work before use.</subfield></datafield><datafield tag="546" ind1=" " ind2=" "><subfield code="a">Hebrew.</subfield></datafield><datafield tag="595" ind1=" " ind2=" "><subfield code="a">Sheet sizes: Sheets 17, 20, 21, 23, 60 x 48 cm.; Sheet 24, 60 x 58 cm.</subfield></datafield><datafield tag="651" ind1=" " ind2="0"><subfield code="a">Asia</subfield><subfield code="z">Middle East</subfield><subfield code="z">Israel</subfield><subfield code="v">Maps.</subfield></datafield><datafield tag="913" ind1=" " ind2=" "><subfield code="1">29</subfield><subfield code="2">Publisher</subfield><subfield code="5">Uncertain</subfield><subfield code="6">Uncertain</subfield></datafield><datafield tag="949" ind1=" " ind2=" "><subfield code="a">MAPS 23B-58-17,-20, -21, -23, -24</subfield></datafield><datafield tag="953" ind1=" " ind2=" "><subfield code="a">Was CM25.P175, and the continuation of Palestine 1:100,000 [1956-1967], MAPS 23B-58-1-8, 11, 13-16.</subfield></datafield><datafield tag="999" ind1=" " ind2=" "><subfield code="a">MAP</subfield></datafield></record>