<record><leader>01017nem a2200289   4500</leader><controlfield tag="001">991000096109702696</controlfield><controlfield tag="005">20170202120800.0</controlfield><controlfield tag="008">051118s1967    is        a  o  |   heb d</controlfield><datafield tag="035" ind1=" " ind2=" "><subfield code="a">(IL-JeALB)10211-972ai_inst</subfield></datafield><datafield tag="035" ind1=" " ind2=" "><subfield code="a">10211</subfield><subfield code="9">ExL</subfield></datafield><datafield tag="035" ind1=" " ind2=" "><subfield code="a">map00000022</subfield></datafield><datafield tag="110" ind1="1" ind2=" "><subfield code="a">Israel. Survey of Israel</subfield></datafield><datafield tag="242" ind1="0" ind2="0"><subfield code="a">Israel 1:100,000</subfield></datafield><datafield tag="245" ind1="1" ind2="0"><subfield code="a"> 1:100,000</subfield><subfield code="h">[map]</subfield></datafield><datafield tag="255" ind1=" " ind2=" "><subfield code="a">Scale 1:100,000</subfield></datafield><datafield tag="260" ind1=" " ind2=" "><subfield code="b">Israel. Survey of Israel,</subfield><subfield code="c">1967-1969</subfield></datafield><datafield tag="300" ind1=" " ind2=" "><subfield code="a">1 map on 2 (of ?26) sheets;</subfield><subfield code="c">42.4 x 42.4 cm. and 42.4 x 52.3 cm., on 2 sheets 55 x 46.5 cm. and 55 x 55 cm.</subfield></datafield><datafield tag="500" ind1=" " ind2=" "><subfield code="a">Based on [Palestine 1:100,000].</subfield></datafield><datafield tag="505" ind1="0" ind2=" "><subfield code="a">Sheets: 3. Haifa -- 5. Netanya.</subfield></datafield><datafield tag="506" ind1=" " ind2=" "><subfield code="a">May require conservation work before use.</subfield></datafield><datafield tag="546" ind1=" " ind2=" "><subfield code="a">Hebrew.</subfield></datafield><datafield tag="651" ind1=" " ind2=" "><subfield code="a">Asia</subfield><subfield code="z">Middle East</subfield><subfield code="z">Israel</subfield><subfield code="z">Haifa</subfield><subfield code="v">Maps.</subfield></datafield><datafield tag="651" ind1=" " ind2=" "><subfield code="a">Asia</subfield><subfield code="z">Middle East</subfield><subfield code="z">Israel</subfield><subfield code="z">Netanya</subfield><subfield code="v">Maps.</subfield></datafield><datafield tag="913" ind1=" " ind2=" "><subfield code="1">31</subfield><subfield code="2">Publisher</subfield><subfield code="5">Uncertain</subfield><subfield code="6">Full</subfield></datafield><datafield tag="949" ind1=" " ind2=" "><subfield code="a">MAPS 23B-67-3, -5</subfield></datafield><datafield tag="951" ind1=" " ind2=" "><subfield code="a">157 (Netanya)</subfield></datafield><datafield tag="999" ind1=" " ind2=" "><subfield code="a">MAP</subfield></datafield></record>