<record><leader>02268nem a2200301   4500</leader><controlfield tag="001">991000096119702696</controlfield><controlfield tag="005">20170202120800.0</controlfield><controlfield tag="008">051118s1925    is        a  o  |   heb u</controlfield><datafield tag="035" ind1=" " ind2=" "><subfield code="a">(IL-JeALB)10212-972ai_inst</subfield></datafield><datafield tag="035" ind1=" " ind2=" "><subfield code="a">10212</subfield><subfield code="9">ExL</subfield></datafield><datafield tag="035" ind1=" " ind2=" "><subfield code="a">map00000023</subfield></datafield><datafield tag="242" ind1="0" ind2="0"><subfield code="a">Eretz-Israel 1:800,000</subfield></datafield><datafield tag="245" ind1="1" ind2="0"><subfield code="a">  1:800,000</subfield><subfield code="h">[map]</subfield></datafield><datafield tag="255" ind1=" " ind2=" "><subfield code="a">Scale 1:800,000</subfield></datafield><datafield tag="260" ind1=" " ind2=" "><subfield code="a">Tel Aviv :</subfield><subfield code="b">Dvir,</subfield><subfield code="c">1925</subfield></datafield><datafield tag="300" ind1=" " ind2=" "><subfield code="a">1 map on 1 sheet;</subfield><subfield code="c">50 x 41.5 cm. on sheet 72 x 50 cm.</subfield></datafield><datafield tag="500" ind1=" " ind2=" "><subfield code="a">Place-names in standard and Rashi script. Legend includes transliteration guide.</subfield></datafield><datafield tag="505" ind1="0" ind2=" "><subfield code="a">Includes 3 insets and 2 cross-sections. Insets: 1.   [Hebrew Galilee] (1:400,000)--2.     [Hebrew agricultural settlement in Judea] (1:400,000)--3.     [Southern Edom] (1:1,600,000)</subfield></datafield><datafield tag="505" ind1="0" ind2=" "><subfield code="a">Cross-sections: 1.      "  [Vertical cross-section of the West Eretz-Israel water-shed] (length 1:400,000; height 1:7.5 of length)--2.    [Horizontal cross-section of the country] (width 1:800,000; height 1:15 of width): I   [Lower Galilee]; II  [Judea]</subfield></datafield><datafield tag="506" ind1=" " ind2=" "><subfield code="a">Will require conservation work before use.</subfield></datafield><datafield tag="546" ind1=" " ind2=" "><subfield code="a">Hebrew.</subfield></datafield><datafield tag="651" ind1=" " ind2="0"><subfield code="a">Asia</subfield><subfield code="z">Middle East</subfield><subfield code="z">Palestine</subfield><subfield code="v">Maps.</subfield></datafield><datafield tag="700" ind1="1" ind2=" "><subfield code="a">Brawer, [A Y]</subfield><subfield code="e">, editor</subfield></datafield><datafield tag="720" ind1="2" ind2=" "><subfield code="a">Cartographic Institute, Vienna</subfield><subfield code="e">, printer</subfield></datafield><datafield tag="913" ind1=" " ind2=" "><subfield code="1">32</subfield><subfield code="2">Printer</subfield><subfield code="3">Publisher</subfield><subfield code="5">Uncertain</subfield><subfield code="6">Uncertain</subfield></datafield><datafield tag="949" ind1=" " ind2=" "><subfield code="a">MAPS 23-13-2</subfield></datafield><datafield tag="951" ind1=" " ind2=" "><subfield code="a">92</subfield></datafield><datafield tag="999" ind1=" " ind2=" "><subfield code="a">MAP</subfield></datafield></record>