<record><leader>01702nem a2200277   4500</leader><controlfield tag="001">991000096139702696</controlfield><controlfield tag="005">20170202120800.0</controlfield><controlfield tag="008">051118s1995    is        a  o  |   heb d</controlfield><datafield tag="035" ind1=" " ind2=" "><subfield code="a">(IL-JeALB)10214-972ai_inst</subfield></datafield><datafield tag="035" ind1=" " ind2=" "><subfield code="a">10214</subfield><subfield code="9">ExL</subfield></datafield><datafield tag="035" ind1=" " ind2=" "><subfield code="a">map00000025</subfield></datafield><datafield tag="110" ind1="1" ind2=" "><subfield code="a">Israel. Survey of Israel</subfield></datafield><datafield tag="242" ind1="0" ind2="0"><subfield code="a">Israel : Topographic map</subfield></datafield><datafield tag="245" ind1="1" ind2="0"><subfield code="a"> :</subfield><subfield code="b">  1:25,000</subfield><subfield code="h">[map]</subfield></datafield><datafield tag="255" ind1=" " ind2=" "><subfield code="a">Scale 1:25,000</subfield></datafield><datafield tag="260" ind1=" " ind2=" "><subfield code="a">Tel Aviv :</subfield><subfield code="b">Israel. Survey of Israel,</subfield><subfield code="c">1995-1997</subfield></datafield><datafield tag="300" ind1=" " ind2=" "><subfield code="a">1 map on 5 (of ?26x4) sheets;</subfield><subfield code="c">61.5 x 81.7 cm., on 5 sheets 97 x 68.5 cm.</subfield></datafield><datafield tag="500" ind1=" " ind2=" "><subfield code="a">Based on 1994 aerial photography data from the national geographic database. Created by digital cartographic processing. An aid to GPS navigation.</subfield></datafield><datafield tag="505" ind1="0" ind2=" "><subfield code="a">Sheets: 12-II:  - [Maccabim-Re'ut] -- 12-III:  - [Kiryat-Malakhi] -- 12-IV:  - [Beth-Shemesh] -- 15-II:   [Hebron] -- 16-I:  - [Maaleh-Amos].</subfield></datafield><datafield tag="506" ind1=" " ind2=" "><subfield code="a">May require conservation work before use.</subfield></datafield><datafield tag="546" ind1=" " ind2=" "><subfield code="a">Hebrew.</subfield></datafield><datafield tag="651" ind1=" " ind2="0"><subfield code="a">Asia</subfield><subfield code="z">Middle East</subfield><subfield code="z">Israel</subfield><subfield code="v">Maps.</subfield></datafield><datafield tag="913" ind1=" " ind2=" "><subfield code="1">35</subfield><subfield code="2">Publisher</subfield><subfield code="5">Uncertain</subfield><subfield code="6">Uncertain</subfield></datafield><datafield tag="949" ind1=" " ind2=" "><subfield code="a">MAPS 23B-95-12-II, -12-III, -12-IV, -15-II, -16-I</subfield></datafield><datafield tag="951" ind1=" " ind2=" "><subfield code="a">Inventory nos.: 16476 (sheet 12-II), 16480 (sheet 12-III), 16479 (sheet 12-IV), 16478 (sheet 15-II), 16477 (sheet 16-I).</subfield></datafield><datafield tag="999" ind1=" " ind2=" "><subfield code="a">MAP</subfield></datafield></record>