<record><leader>01549nem a2200301   4500</leader><controlfield tag="001">991000096149702696</controlfield><controlfield tag="005">20170312200320.0</controlfield><controlfield tag="008">051118s1983    is        a  o  |   heb c</controlfield><datafield tag="035" ind1=" " ind2=" "><subfield code="a">(IL-JeALB)10215-972ai_inst</subfield></datafield><datafield tag="035" ind1=" " ind2=" "><subfield code="a">10215</subfield><subfield code="9">ExL</subfield></datafield><datafield tag="035" ind1=" " ind2=" "><subfield code="a">map00000026</subfield></datafield><datafield tag="242" ind1="0" ind2="0"><subfield code="a">Israel : Excursion map with marked trails</subfield></datafield><datafield tag="245" ind1="1" ind2="0"><subfield code="a"> :</subfield><subfield code="b">   </subfield><subfield code="h">[map]</subfield></datafield><datafield tag="255" ind1=" " ind2=" "><subfield code="a">Scale 1:50,000</subfield></datafield><datafield tag="260" ind1=" " ind2=" "><subfield code="a">Israel :</subfield><subfield code="b">Survey of Israel,</subfield><subfield code="c">1983-1986</subfield></datafield><datafield tag="300" ind1=" " ind2=" "><subfield code="a">1 map on 2 (of ?20) sheets;</subfield><subfield code="c">101.3 x 107.6 cm. or smaller, on 2 sheets 109 x 84 cm. or smaller.</subfield></datafield><datafield tag="500" ind1=" " ind2=" "><subfield code="a">Society for the Protection of Nature (SPNI).</subfield></datafield><datafield tag="500" ind1=" " ind2=" "><subfield code="a">On the back of each map there are charts, map insets, images and other hiking information.</subfield></datafield><datafield tag="505" ind1="0" ind2=" "><subfield code="a">Sheets:   [Upper Galilee] [2] --   [Eilat area] [20].</subfield></datafield><datafield tag="506" ind1=" " ind2=" "><subfield code="a">May require conservation work before use.</subfield></datafield><datafield tag="546" ind1=" " ind2=" "><subfield code="a">Hebrew.</subfield></datafield><datafield tag="595" ind1=" " ind2=" "><subfield code="a">Sheet sizes: Sheet [2], 109 x 84 cm.; Sheet [20], 104 x 69 cm.</subfield></datafield><datafield tag="651" ind1=" " ind2="0"><subfield code="a">Asia</subfield><subfield code="z">Middle East</subfield><subfield code="z">Israel</subfield><subfield code="v">Maps.</subfield></datafield><datafield tag="700" ind1="1" ind2=" "><subfield code="a">Dvir, Uri</subfield><subfield code="e">, editor</subfield></datafield><datafield tag="710" ind1="1" ind2=" "><subfield code="b">Israel. Survey of Israel</subfield><subfield code="e">, cartographer</subfield></datafield><datafield tag="913" ind1=" " ind2=" "><subfield code="1">36</subfield><subfield code="2">Printer</subfield><subfield code="3">Publisher</subfield><subfield code="5">Uncertain</subfield><subfield code="6">Uncertain</subfield></datafield><datafield tag="949" ind1=" " ind2=" "><subfield code="a">MAPS 23B-83-2, -20</subfield></datafield><datafield tag="999" ind1=" " ind2=" "><subfield code="a">MAP</subfield></datafield></record>