<record><leader>01214nem a2200265 a 4500</leader><controlfield tag="001">991000096179702696</controlfield><controlfield tag="005">20190124165655.0</controlfield><controlfield tag="008">051118s1865    xx            001 0 eng u</controlfield><datafield tag="035" ind1=" " ind2=" "><subfield code="a">(IL-JeALB)10218-972ai_inst</subfield></datafield><datafield tag="035" ind1=" " ind2=" "><subfield code="a">10218</subfield><subfield code="9">ExL</subfield></datafield><datafield tag="035" ind1=" " ind2=" "><subfield code="a">map00000071</subfield></datafield><datafield tag="100" ind1="1" ind2=" "><subfield code="a">Wilson, Charles William,</subfield><subfield code="c">Sir,</subfield><subfield code="d">1836-1905.</subfield></datafield><datafield tag="245" ind1="1" ind2="0"><subfield code="a">Haram Grounds, &amp;c.</subfield><subfield code="h">[map]</subfield></datafield><datafield tag="255" ind1=" " ind2=" "><subfield code="a">Scale 1:500.</subfield></datafield><datafield tag="260" ind1=" " ind2=" "><subfield code="a">London :</subfield><subfield code="b">Her Majesty's Treasury,</subfield><subfield code="c">1865.</subfield></datafield><datafield tag="300" ind1=" " ind2=" "><subfield code="a">1 map on 2 sheets ;</subfield><subfield code="c">63 x 94.5 cm.</subfield></datafield><datafield tag="501" ind1=" " ind2=" "><subfield code="a">Jerusalem 1:10,000 (47-1), Plan of the Church of the Holy Sepulchre (47-4), [Jerusalem : Floor plans of the Citadel, Dome of the Rock, &amp;c.] (47-5).</subfield></datafield><datafield tag="505" ind1="8" ind2=" "><subfield code="a">Sheet 1 [Temple Mount north section]--Sheet 2 [Temple Mount south section].</subfield></datafield><datafield tag="506" ind1=" " ind2=" "><subfield code="a">Will require conservation work before use.</subfield></datafield><datafield tag="651" ind1=" " ind2="0"><subfield code="a">Asia</subfield><subfield code="z">Middle East</subfield><subfield code="z">Jerusalem</subfield><subfield code="v">Maps.</subfield></datafield><datafield tag="773" ind1="0" ind2=" "><subfield code="t">Ordnance Survey of Jerusalem,</subfield><subfield code="o">MAPS 25 (CM40.W692o: 46,47,48)</subfield></datafield><datafield tag="856" ind1="4" ind2="1"><subfield code="u">https://gallica.bnf.fr/ark:/12148/btv1b53098730n.r=Ordnance%20Survey%20of%20Jerusalem?rk=42918;4</subfield><subfield code="z">Digital version on Bibliothque nationale de France Gallica website.</subfield></datafield><datafield tag="913" ind1=" " ind2=" "><subfield code="1">83</subfield><subfield code="2">Publisher</subfield><subfield code="5">Uncertain</subfield><subfield code="6">Full</subfield></datafield><datafield tag="949" ind1=" " ind2=" "><subfield code="a">MAPS 25 (vol.2, 47-2,47-3)</subfield></datafield><datafield tag="999" ind1=" " ind2=" "><subfield code="a">MAP</subfield></datafield></record>