<record><leader>00893nem a2200241 a 4500</leader><controlfield tag="001">991000096189702696</controlfield><controlfield tag="005">20170202120801.0</controlfield><controlfield tag="008">051118s1865    xx            001 0 eng u</controlfield><datafield tag="035" ind1=" " ind2=" "><subfield code="a">(IL-JeALB)10219-972ai_inst</subfield></datafield><datafield tag="035" ind1=" " ind2=" "><subfield code="a">10219</subfield><subfield code="9">ExL</subfield></datafield><datafield tag="035" ind1=" " ind2=" "><subfield code="a">map00000070</subfield></datafield><datafield tag="100" ind1="1" ind2=" "><subfield code="a">Wilson, Charles William,</subfield><subfield code="c">Sir,</subfield><subfield code="d">1836-1905.</subfield></datafield><datafield tag="245" ind1="1" ind2="0"><subfield code="a">Plan of the Church of the Holy Sepulchre.</subfield><subfield code="h">[map]</subfield></datafield><datafield tag="255" ind1=" " ind2=" "><subfield code="a">Scale 1:200.</subfield></datafield><datafield tag="260" ind1=" " ind2=" "><subfield code="c">1865.</subfield></datafield><datafield tag="300" ind1=" " ind2=" "><subfield code="a">1 plan on 1 sheet ;</subfield><subfield code="c">63.5 x 94.5 cm.</subfield></datafield><datafield tag="501" ind1=" " ind2=" "><subfield code="a">Jerusalem 1:10,000 (47-1), Haram Grounds, &amp;c. (47-2,47-3), [Jerusalem : Floor plans of the Citadel, Dome of the Rock, &amp;c.] (47-5).</subfield></datafield><datafield tag="506" ind1=" " ind2=" "><subfield code="a">May require conservation work before use.</subfield></datafield><datafield tag="651" ind1=" " ind2="0"><subfield code="a">Asia</subfield><subfield code="z">Middle East</subfield><subfield code="z">Jerusalem</subfield><subfield code="v">Maps.</subfield></datafield><datafield tag="773" ind1="0" ind2=" "><subfield code="t">Ordnance Survey of Jerusalem,</subfield><subfield code="o">MAPS 25 (CM40.W692o: 46,47,48)</subfield></datafield><datafield tag="913" ind1=" " ind2=" "><subfield code="1">82</subfield><subfield code="5">Uncertain</subfield><subfield code="6">Full</subfield></datafield><datafield tag="949" ind1=" " ind2=" "><subfield code="a">MAPS 25 (vol.2, 47-4)</subfield></datafield><datafield tag="999" ind1=" " ind2=" "><subfield code="a">MAP</subfield></datafield></record>