<record><leader>00937nem a2200241 a 4500</leader><controlfield tag="001">991000096239702696</controlfield><controlfield tag="005">20190115060441.0</controlfield><controlfield tag="008">051118s1917    xx        a   r01   eng d</controlfield><datafield tag="035" ind1=" " ind2=" "><subfield code="a">(IL-JeALB)10224-972ai_inst</subfield></datafield><datafield tag="035" ind1=" " ind2=" "><subfield code="a">10224</subfield><subfield code="9">ExL</subfield></datafield><datafield tag="035" ind1=" " ind2=" "><subfield code="a">map00000002</subfield></datafield><datafield tag="110" ind1="1" ind2=" "><subfield code="a">British Army Royal Engineers</subfield></datafield><datafield tag="245" ind1="1" ind2="0"><subfield code="a">Africa :</subfield><subfield code="b">Sinai Peninsula.</subfield><subfield code="h">[map]</subfield></datafield><datafield tag="255" ind1=" " ind2=" "><subfield code="a">Graphical scale bar: 1 cm. = 1.25 kilometers.</subfield></datafield><datafield tag="260" ind1=" " ind2=" "><subfield code="b">Survey of Egypt,</subfield><subfield code="c">1917.</subfield></datafield><datafield tag="300" ind1=" " ind2=" "><subfield code="a">1 map on 2 sheets ;</subfield><subfield code="c">47 x 40.5 cm. on 2 sheets 66 x 54 cm. and 65 x 52 cm.</subfield></datafield><datafield tag="500" ind1=" " ind2=" "><subfield code="a">Geographical Section, General Staff, No. 2230 = GSGS 2230, sheets N H-36 E III (Rafa) and E IV (Beersheba)</subfield></datafield><datafield tag="506" ind1=" " ind2=" "><subfield code="a">May require conservation work before use.</subfield></datafield><datafield tag="651" ind1=" " ind2="0"><subfield code="a">Africa</subfield><subfield code="z">Sinai Peninsula</subfield><subfield code="z">Rafa and Beersheba</subfield><subfield code="v">Maps.</subfield></datafield><datafield tag="913" ind1=" " ind2=" "><subfield code="1">11</subfield><subfield code="2">Printer</subfield><subfield code="5">Uncertain</subfield><subfield code="6">Full</subfield></datafield><datafield tag="949" ind1=" " ind2=" "><subfield code="a">MAPS 23-17-36 E III, IV</subfield></datafield><datafield tag="951" ind1=" " ind2=" "><subfield code="a">173 (23-17-36-E-III), 172 (23-17-36-E-IV).</subfield></datafield><datafield tag="999" ind1=" " ind2=" "><subfield code="a">MAP</subfield></datafield></record>