<record><leader>00885nem a2200253 a 4500</leader><controlfield tag="001">991000096259702696</controlfield><controlfield tag="005">20170202120801.0</controlfield><controlfield tag="008">051118s1998    xx        a   r01   eng d</controlfield><datafield tag="035" ind1=" " ind2=" "><subfield code="a">(IL-JeALB)10226-972ai_inst</subfield></datafield><datafield tag="035" ind1=" " ind2=" "><subfield code="a">10226</subfield><subfield code="9">ExL</subfield></datafield><datafield tag="035" ind1=" " ind2=" "><subfield code="a">map00000010</subfield></datafield><datafield tag="110" ind1="1" ind2=" "><subfield code="a">Israel. Ministry of National Infrastructures</subfield></datafield><datafield tag="245" ind1="1" ind2="0"><subfield code="a">Geological Map of Israel.</subfield><subfield code="h">[map]</subfield></datafield><datafield tag="255" ind1=" " ind2=" "><subfield code="a">Scale 1:200,000.</subfield></datafield><datafield tag="260" ind1=" " ind2=" "><subfield code="a">Jerusalem :</subfield><subfield code="b">Geological survey of Israel,</subfield><subfield code="c">1998.</subfield></datafield><datafield tag="300" ind1=" " ind2=" "><subfield code="a">1 map on 4 sheets ;</subfield><subfield code="c">23 x 28.5 or smaller on 4 sheets 92 x 60 cm.</subfield></datafield><datafield tag="500" ind1=" " ind2=" "><subfield code="a">In a folder. Index map on inner lower folder.</subfield></datafield><datafield tag="511" ind1="0" ind2=" "><subfield code="a">Contributors include A. Sneh, Y. Bartov, T. Wiessbrod, M. Rosensaft.</subfield></datafield><datafield tag="546" ind1=" " ind2=" "><subfield code="a">English.</subfield></datafield><datafield tag="651" ind1=" " ind2="0"><subfield code="a">Asia</subfield><subfield code="z">Middle East</subfield><subfield code="z">Israel</subfield><subfield code="v">Maps.</subfield></datafield><datafield tag="913" ind1=" " ind2=" "><subfield code="1">19</subfield><subfield code="2">Publisher</subfield><subfield code="5">No</subfield><subfield code="6">Minimal</subfield></datafield><datafield tag="949" ind1=" " ind2=" "><subfield code="a">MAPS 20-98-1,-2,-3,-4</subfield></datafield><datafield tag="951" ind1=" " ind2=" "><subfield code="a">Inventory no. 16982</subfield></datafield><datafield tag="999" ind1=" " ind2=" "><subfield code="a">MAP</subfield></datafield></record>