<record><leader>00931nem a2200265 a 4500</leader><controlfield tag="001">991000096269702696</controlfield><controlfield tag="005">20170202120801.0</controlfield><controlfield tag="008">051118s1935    xx            001 0 eng u</controlfield><datafield tag="035" ind1=" " ind2=" "><subfield code="a">(IL-JeALB)10227-972ai_inst</subfield></datafield><datafield tag="035" ind1=" " ind2=" "><subfield code="a">10227</subfield><subfield code="9">ExL</subfield></datafield><datafield tag="035" ind1=" " ind2=" "><subfield code="a">map00000001</subfield></datafield><datafield tag="245" ind1="1" ind2="0"><subfield code="a">Geological Map of Palestine...</subfield><subfield code="h">[map]</subfield></datafield><datafield tag="255" ind1=" " ind2=" "><subfield code="a">Scale 1:250,000.</subfield></datafield><datafield tag="260" ind1=" " ind2=" "><subfield code="b">Survey of Palestine,</subfield><subfield code="c">[ca.1935]</subfield></datafield><datafield tag="300" ind1=" " ind2=" "><subfield code="a">1 map on 1 sheet ;</subfield><subfield code="c">85 x 56 cm. on sheet 90 x 62 cm.</subfield></datafield><datafield tag="500" ind1=" " ind2=" "><subfield code="a">Printed in colour, with different colours for each stratum. The stratigraphy by G.S. Blake, F.G.S. Extensive legend.</subfield></datafield><datafield tag="500" ind1=" " ind2=" "><subfield code="a">Mounted on cloth-edged boards.</subfield></datafield><datafield tag="506" ind1=" " ind2=" "><subfield code="a">Will require conservation work before use.</subfield></datafield><datafield tag="651" ind1=" " ind2="0"><subfield code="a">Asia</subfield><subfield code="z">Middle East</subfield><subfield code="z">Palestine</subfield><subfield code="v">Maps.</subfield></datafield><datafield tag="700" ind1="1" ind2=" "><subfield code="a">Blake, G S</subfield><subfield code="e">, editor</subfield></datafield><datafield tag="710" ind1="1" ind2=" "><subfield code="b">Survey of Palestine</subfield><subfield code="e">, cartographer</subfield></datafield><datafield tag="913" ind1=" " ind2=" "><subfield code="2">Printer</subfield><subfield code="5">Uncertain</subfield><subfield code="6">Full</subfield></datafield><datafield tag="949" ind1=" " ind2=" "><subfield code="a">MAPS 23-03-2</subfield></datafield><datafield tag="951" ind1=" " ind2=" "><subfield code="a">356</subfield></datafield><datafield tag="999" ind1=" " ind2=" "><subfield code="a">MAP</subfield></datafield></record>