<record><leader>01254nem a2200265 a 4500</leader><controlfield tag="001">991000096279702696</controlfield><controlfield tag="005">20170202120801.0</controlfield><controlfield tag="008">051118s1852    xx            001 0 eng u</controlfield><datafield tag="035" ind1=" " ind2=" "><subfield code="a">(IL-JeALB)10228-972ai_inst</subfield></datafield><datafield tag="035" ind1=" " ind2=" "><subfield code="a">10228</subfield><subfield code="9">ExL</subfield></datafield><datafield tag="035" ind1=" " ind2=" "><subfield code="a">map00000004</subfield></datafield><datafield tag="100" ind1="1" ind2=" "><subfield code="a">Aulick, R</subfield><subfield code="e">, cartographer</subfield></datafield><datafield tag="245" ind1="1" ind2="0"><subfield code="a">Map of the River Jordan &amp; Dead Sea and the Route of the Party under the Command of Lieut. W. F. Lynch U.S.N. - under his superintendence constructed from the joint labours of Lieut. Dale &amp; himself by Passd. Midn. R. Aulick U.S.N. - Drawn by G. Strickland.</subfield><subfield code="h">[map]</subfield></datafield><datafield tag="255" ind1=" " ind2=" "><subfield code="a">Graphical scale bar: 11.9 cm. = 10 miles.</subfield></datafield><datafield tag="260" ind1=" " ind2=" "><subfield code="a">[Baltimore] :</subfield><subfield code="b">John Murphy &amp;  Co.,</subfield><subfield code="c">[1852]</subfield></datafield><datafield tag="300" ind1=" " ind2=" "><subfield code="a">1 map on 1 sheet ;</subfield><subfield code="c">116 x 62.7 cm. on sheet 130 x 68 cm.</subfield></datafield><datafield tag="500" ind1=" " ind2=" "><subfield code="a">This map accompanied the official account of the U.S. Navy expedition to the Dead Sea, published at Baltimore in 1852.</subfield></datafield><datafield tag="506" ind1=" " ind2=" "><subfield code="a">Will require conservation work before use.</subfield></datafield><datafield tag="651" ind1=" " ind2="0"><subfield code="a">Asia</subfield><subfield code="z">Middle East</subfield><subfield code="z">Palestine</subfield><subfield code="v">Maps.</subfield></datafield><datafield tag="700" ind1="1" ind2=" "><subfield code="a">Strickland, G</subfield><subfield code="e">, artist</subfield></datafield><datafield tag="856" ind1="4" ind2="1"><subfield code="u">http://www.wdl.org/en/item/148/</subfield><subfield code="z">Various display formats, from the World Digital Library.</subfield></datafield><datafield tag="913" ind1=" " ind2=" "><subfield code="1">13</subfield><subfield code="2">Printer</subfield><subfield code="5">Uncertain</subfield><subfield code="6">Full</subfield></datafield><datafield tag="949" ind1=" " ind2=" "><subfield code="a">MAPS 23-47-1</subfield></datafield><datafield tag="951" ind1=" " ind2=" "><subfield code="a">385</subfield></datafield><datafield tag="999" ind1=" " ind2=" "><subfield code="a">MAP</subfield></datafield></record>