<record><leader>01148nem a2200265 a 4500</leader><controlfield tag="001">991000096319702696</controlfield><controlfield tag="005">20170308214622.0</controlfield><controlfield tag="008">051118s1881    xx        a   r 1   eng c</controlfield><datafield tag="035" ind1=" " ind2=" "><subfield code="a">(IL-JeALB)10232-972ai_inst</subfield></datafield><datafield tag="035" ind1=" " ind2=" "><subfield code="a">10232</subfield><subfield code="9">ExL</subfield></datafield><datafield tag="035" ind1=" " ind2=" "><subfield code="a">map00000007</subfield></datafield><datafield tag="100" ind1="1" ind2=" "><subfield code="a">Conder, C R</subfield><subfield code="e">, surveyor</subfield></datafield><datafield tag="245" ind1="1" ind2="0"><subfield code="a">Portion of Eastern Palestine.</subfield><subfield code="h">[map]</subfield></datafield><datafield tag="255" ind1=" " ind2=" "><subfield code="a">Graphical scale bar: 9.5 cm.=10 miles.</subfield></datafield><datafield tag="260" ind1=" " ind2=" "><subfield code="a">[London] :</subfield><subfield code="b">Stanford's Geographical Establishment,</subfield><subfield code="c">1881.</subfield></datafield><datafield tag="300" ind1=" " ind2=" "><subfield code="a">1 map on 1 sheet ;</subfield><subfield code="c">50 x 41 cm. on sheet 56 x 46 cm.</subfield></datafield><datafield tag="530" ind1=" " ind2=" "><subfield code="a">Library also has a digitized version of this map on CD (Z692.M3A4).</subfield></datafield><datafield tag="530" ind1=" " ind2=" "><subfield code="a">Digitized versions also available online on the AIAR website:</subfield><subfield code="u">http://www.aiar.org/wp-content/uploads/2015/01/Eastern_Palestine_1881.pdf</subfield></datafield><datafield tag="530" ind1=" " ind2=" "><subfield code="a">and on the Digital Library for International Research website:</subfield><subfield code="u">http://www.dlir.org/archive/orc-exhibit/items/show/collection/1/id/9</subfield></datafield><datafield tag="651" ind1=" " ind2="0"><subfield code="a">Asia</subfield><subfield code="z">Middle East</subfield><subfield code="z">Palestine</subfield><subfield code="z">Dead Sea</subfield><subfield code="v">Maps.</subfield></datafield><datafield tag="700" ind1="1" ind2=" "><subfield code="a">Mantell,</subfield><subfield code="c">Royal Engineers</subfield><subfield code="e">, surveyor</subfield></datafield><datafield tag="913" ind1=" " ind2=" "><subfield code="1">16</subfield><subfield code="2">Publisher</subfield><subfield code="5">Uncertain</subfield><subfield code="6">Full</subfield></datafield><datafield tag="949" ind1=" " ind2=" "><subfield code="a">MAPS 22-00-14a</subfield></datafield><datafield tag="951" ind1=" " ind2=" "><subfield code="a">177</subfield></datafield><datafield tag="999" ind1=" " ind2=" "><subfield code="a">MAP</subfield></datafield></record>