<record><leader>03336nem a2200277 a 4500</leader><controlfield tag="001">991000096329702696</controlfield><controlfield tag="005">20170202120801.0</controlfield><controlfield tag="008">051118s1884    xx            001 0 eng u</controlfield><datafield tag="035" ind1=" " ind2=" "><subfield code="a">(IL-JeALB)10233-972ai_inst</subfield></datafield><datafield tag="035" ind1=" " ind2=" "><subfield code="a">10233</subfield><subfield code="9">ExL</subfield></datafield><datafield tag="035" ind1=" " ind2=" "><subfield code="a">map00000011</subfield></datafield><datafield tag="100" ind1="1" ind2=" "><subfield code="a">Warren, Charles</subfield><subfield code="e">, cartographer</subfield></datafield><datafield tag="245" ind1="1" ind2="0"><subfield code="a">Plans, elevations, sections &amp;c.: shewing the results of the excavations at Jerusalem, 1867-70.</subfield><subfield code="h">[map]</subfield></datafield><datafield tag="246" ind1=" " ind2=" "><subfield code="a">The survey of Western Palestine : Jerusalem.</subfield></datafield><datafield tag="255" ind1=" " ind2=" "><subfield code="a">Scales vary.</subfield></datafield><datafield tag="260" ind1=" " ind2=" "><subfield code="a">London :</subfield><subfield code="b">Committee of the Palestine Exploration Fund,</subfield><subfield code="c">1884.</subfield></datafield><datafield tag="300" ind1=" " ind2=" "><subfield code="a">50 plates, bound in 1 v. :</subfield><subfield code="b">plates, maps</subfield></datafield><datafield tag="500" ind1=" " ind2=" "><subfield code="a">The atlas to The Survey of Western Palestine: Jerusalem, 1884, by Col. Sir Charles Warren and Capt. Claude Reignier Conder. Contains 49 detailed plans and illustrations of Jerusalem which have been linen-backed. The only two maps in the atlas form plates 48 and 49.</subfield></datafield><datafield tag="505" ind1=" " ind2=" "><subfield code="a">Plate 1. Title--Plates 2-3. Plan of Jerusalem showing Rock Contours--Plates 4-5. Masjed Al Aksa, or Haram Ash Sharif...excavations--Plates 6-7. Haram Ash Sharif (the Noble Sanctuary), shewing rock contours--Plates 8-9. Sections on plates II and III--Plates 10-11-12. Sections on plates IV and V--Plate 13. Elevation of North-East Angle 1:120--Plate 14. Elevation of Wall of Noble Sanctuary 1:60--Plate 15. Sections... Wall of Noble Sanctuary at North-East Angle--Plate 16. Birket Israil--Plate 17. Details near North-East Angle, Noble Sanctuary--Plate 18. Details... at South-East Angle--Plate 19. Elevation of East Wall, South-East Angle--Plate 20. Elevation, South-East Angle, South side 1:120--Plate 21-22-23. Painted Marks on East Wall, full size--Plate 24. Single Gate and Ophel Wall--Plate 25. The Triple Gate and Double Tunnel--Plate 26. Elevation of South Front--Plate 27. South-West Angle, South Front--Plate 28. Elevation of Robinson's Arch, South-West Angle, West Side--Plate 29. Plan of Portion of Arcade Excavation [Robinson's Arch]-</subfield></datafield><datafield tag="505" ind1=" " ind2=" "><subfield code="a">Plate 30. Plan of Aqueduct [Robinson's Arch]--Plate 31. Plan and Section...Passage at Barclay's Gate--Plate 32. Elevation... of Barclay's Gate--Plate 33. Section through Causeway Vaults and Wilson's Arch--Plate 34. Section and Elevation of Vaults... West Wall at Causeway--Plate 35. Plan of Secret Passage in Causeway--Plate 36. Plan of Great Causeway--Plate 37. The Twin Tunnel near North-West Angle--Plate 38. Details South-West Angle, Noble Sanctuary--Plate 39. Researches inside the Noble Sanctuary--Plate 40. The Wall of Ophel  1:120--Plate 41. Excavations at the Bishops School [Details about the City]--Plate 42. Acqueduct, Virgin's Fountain--Plate 43. Passage, Virgin's Fountain [and other details]--Plate 45-46-47. Pottery found in Excavations--Plate 48. Reconnaissance Jordan Valley--Plate 49. Reconnaissance of the Plain of Philistia--Plate 50. Plan and sections of the Muristan (by Captain Conder, R.E.).</subfield></datafield><datafield tag="530" ind1=" " ind2=" "><subfield code="a">The Albright library also has a facsimile edition, 1998, DS102.P18 Vol.4.</subfield></datafield><datafield tag="651" ind1=" " ind2="0"><subfield code="a">Asia</subfield><subfield code="z">Middle East</subfield><subfield code="z">Palestine</subfield><subfield code="v">Maps.</subfield></datafield><datafield tag="710" ind1=" " ind2=" "><subfield code="a">Vincent Brooks, Day &amp; Son,</subfield><subfield code="e">, lithographer</subfield></datafield><datafield tag="774" ind1="0" ind2=" "><subfield code="i">See also individual records for:</subfield><subfield code="t">Reconnaissance of the Jordan Valley, pl. 48; Reconnaissance of the Plain of Philistia, pl. 49.</subfield></datafield><datafield tag="949" ind1=" " ind2=" "><subfield code="a">MAPS - Open Shelf Cabinet 1 (DS102.P18 (Vol.5))</subfield></datafield><datafield tag="999" ind1=" " ind2=" "><subfield code="a">MAP</subfield></datafield></record>