<record><leader>00947nem a2200241 a 4500</leader><controlfield tag="001">991000096349702696</controlfield><controlfield tag="005">20170202120802.0</controlfield><controlfield tag="008">051118s1884    xx            001 0 eng u</controlfield><datafield tag="035" ind1=" " ind2=" "><subfield code="a">(IL-JeALB)10235-972ai_inst</subfield></datafield><datafield tag="035" ind1=" " ind2=" "><subfield code="a">10235</subfield><subfield code="9">ExL</subfield></datafield><datafield tag="035" ind1=" " ind2=" "><subfield code="a">map00000012</subfield></datafield><datafield tag="100" ind1="1" ind2=" "><subfield code="a">Warren, Charles</subfield><subfield code="e">, cartographer</subfield></datafield><datafield tag="245" ind1="1" ind2="0"><subfield code="a">Reconnaissance of the Plain of Philistia.</subfield><subfield code="h">[map]</subfield></datafield><datafield tag="255" ind1=" " ind2=" "><subfield code="a">Graphical scale bar: 2 miles to 1 inch.</subfield></datafield><datafield tag="260" ind1=" " ind2=" "><subfield code="a">London :</subfield><subfield code="b">Committee of the Palestine Exploration Fund,</subfield><subfield code="c">1884.</subfield></datafield><datafield tag="300" ind1=" " ind2=" "><subfield code="a">1 map on 1 sheet ;</subfield><subfield code="c">45.5 x 53 cm.</subfield></datafield><datafield tag="501" ind1=" " ind2=" "><subfield code="a">Reconnaissance of the Jordan Valley, pl. 48.</subfield></datafield><datafield tag="651" ind1=" " ind2="0"><subfield code="a">Asia</subfield><subfield code="z">Palestine</subfield><subfield code="z">Philistia plain</subfield><subfield code="v">Maps.</subfield></datafield><datafield tag="710" ind1=" " ind2=" "><subfield code="a">Vincent Brooks, Day &amp; Son,</subfield><subfield code="e">, lithographer</subfield></datafield><datafield tag="773" ind1="0" ind2=" "><subfield code="t">Plans, elevations, sections &amp;c.: shewing the results of the excavations at Jerusalem, 1867-70.</subfield><subfield code="o">MAPS 1 (DS102.P18 (Vol.5)).</subfield></datafield><datafield tag="913" ind1=" " ind2=" "><subfield code="1">21</subfield><subfield code="2">lithographer</subfield><subfield code="5">No</subfield><subfield code="6">Minimal</subfield></datafield><datafield tag="949" ind1=" " ind2=" "><subfield code="a">MAPS 1, pl. 49</subfield></datafield><datafield tag="999" ind1=" " ind2=" "><subfield code="a">MAP</subfield></datafield></record>