<record><leader>01037nem a2200277 a 4500</leader><controlfield tag="001">991000096369702696</controlfield><controlfield tag="005">20190115055312.0</controlfield><controlfield tag="008">051118s1918    xx            001 0 eng u</controlfield><datafield tag="035" ind1=" " ind2=" "><subfield code="a">(IL-JeALB)10237-972ai_inst</subfield></datafield><datafield tag="035" ind1=" " ind2=" "><subfield code="a">10237</subfield><subfield code="9">ExL</subfield></datafield><datafield tag="035" ind1=" " ind2=" "><subfield code="a">map00000039</subfield></datafield><datafield tag="110" ind1="1" ind2=" "><subfield code="a">British War Office</subfield></datafield><datafield tag="245" ind1="1" ind2="0"><subfield code="a">Africa 1:1,000,000.</subfield><subfield code="h">[map]</subfield></datafield><datafield tag="255" ind1=" " ind2=" "><subfield code="a">Scale 1:1,000,000.</subfield></datafield><datafield tag="260" ind1=" " ind2=" "><subfield code="b">British War Office,</subfield><subfield code="c">1918-1920.</subfield></datafield><datafield tag="300" ind1=" " ind2=" "><subfield code="a">1 map on 2 sheets ;</subfield><subfield code="c">46 x 82.5 cm. and 46 x 57 cm., on 2 sheets 96 x 63 cm. and 66 x 62 cm.</subfield></datafield><datafield tag="500" ind1=" " ind2=" "><subfield code="a">Geographical Section, General Staff, No. 2465 = GSGS series 2465.</subfield></datafield><datafield tag="500" ind1=" " ind2=" "><subfield code="a">Sheets are stamped with Clarence Fisher's stamp on verso.</subfield></datafield><datafield tag="505" ind1="8" ind2=" "><subfield code="a">Sheets: N.D.37 &amp; part of D.38. Asmara -- N.I.34. Derna.</subfield></datafield><datafield tag="506" ind1=" " ind2=" "><subfield code="a">May require conservation work before use.</subfield></datafield><datafield tag="651" ind1=" " ind2="0"><subfield code="a">Africa</subfield><subfield code="z">Ethiopia</subfield><subfield code="z">Asmara</subfield><subfield code="v">Maps.</subfield></datafield><datafield tag="651" ind1=" " ind2="0"><subfield code="a">Africa</subfield><subfield code="z">Libya</subfield><subfield code="z">Derna</subfield><subfield code="v">Maps.</subfield></datafield><datafield tag="913" ind1=" " ind2=" "><subfield code="1">49</subfield><subfield code="2">Publisher</subfield><subfield code="5">Uncertain</subfield><subfield code="6">Full</subfield></datafield><datafield tag="949" ind1=" " ind2=" "><subfield code="a">MAPS 33-ND-37/38, -NI-34</subfield></datafield><datafield tag="951" ind1=" " ind2=" "><subfield code="a">65 (N.D.37/38), 58 (N.I.34).</subfield></datafield><datafield tag="999" ind1=" " ind2=" "><subfield code="a">MAP</subfield></datafield></record>