<record><leader>02289nem a2200337 a 4500</leader><controlfield tag="001">991000096379702696</controlfield><controlfield tag="005">20170202120802.0</controlfield><controlfield tag="008">051118m19111913ua        b     1 0 eng u</controlfield><datafield tag="035" ind1=" " ind2=" "><subfield code="a">(IL-JeALB)10238-972ai_inst</subfield></datafield><datafield tag="035" ind1=" " ind2=" "><subfield code="a">10238</subfield><subfield code="9">ExL</subfield></datafield><datafield tag="035" ind1=" " ind2=" "><subfield code="a">map00000050</subfield></datafield><datafield tag="110" ind1="1" ind2=" "><subfield code="a">Survey Department, Egypt</subfield></datafield><datafield tag="245" ind1="1" ind2="0"><subfield code="a">Alexandria 1:5,000.</subfield><subfield code="h">[map]</subfield></datafield><datafield tag="255" ind1=" " ind2=" "><subfield code="a">Scale 1:5,000.</subfield></datafield><datafield tag="260" ind1=" " ind2=" "><subfield code="b">Survey Department, Egypt,</subfield><subfield code="c">1911-1913.</subfield></datafield><datafield tag="300" ind1=" " ind2=" "><subfield code="a">1 map on 17 sheets &amp; key map ;</subfield><subfield code="c">52.5 x 52.5 cm., on 18 sheets 63 x 62 cm. or smaller.</subfield></datafield><datafield tag="500" ind1=" " ind2=" "><subfield code="a">Accompanied by an index map which is also used for the 1:1,000 series.</subfield></datafield><datafield tag="500" ind1=" " ind2=" "><subfield code="a">All sheets also have monochrome key map printed on verso.</subfield></datafield><datafield tag="500" ind1=" " ind2=" "><subfield code="a">All sheets are stamped with Clarence Fisher's stamp on verso.</subfield></datafield><datafield tag="500" ind1=" " ind2=" "><subfield code="a">The Albright library has two copies of sheet VI-VII.</subfield></datafield><datafield tag="505" ind1="0" ind2=" "><subfield code="a">Sheets: Key map (1913) -- I-I Dhekeila (1912) -- I-II Mex (1912) -- II-II Wardian (1912) -- II-III Gabbari (1912) -- III-II Breakwater (1912) -- III-III Western Harbour (1912) -- III-IV Minet El Bassal (1912) -- III-V Moharrem Bey (1911) -- IV-III Ras El Tin (1912) -- IV-IV Eastern Harbour (1912) -- IV-V Hadra (1911) -- IV-VI Nuzha (1911) -- V-V Ibrahimiya (1911) -- V-VI Bulkeley (1911) -- V-VIII Bacos (1911) -- VI-VI Glymenopoulo (1911) -- VI-VII San Stefano (1911).</subfield></datafield><datafield tag="506" ind1=" " ind2=" "><subfield code="a">May require conservation work before use.</subfield></datafield><datafield tag="530" ind1=" " ind2=" "><subfield code="a">Digitized version available online on the AIAR website. See sheet links at:</subfield><subfield code="u">http://www.aiar.org/wp-content/uploads/2015/05/Alexandria_1_5000.pdf</subfield></datafield><datafield tag="530" ind1=" " ind2=" "><subfield code="a">Digitized version also available from the Albright DVD collection [G8304.A5E3].</subfield></datafield><datafield tag="546" ind1=" " ind2=" "><subfield code="a">English.</subfield></datafield><datafield tag="595" ind1=" " ind2=" "><subfield code="a">Sheet sizes: Key map, 61 x 60 cm. Sheet I-I, 62 x 60 cm. Sheets I-II, II-II, II-III, III-II, III-III, III-IV, III-V, IV-III, IV-IV, IV-V, IV-VI, V-V, V-VI, V-VIII, VI-VI, VI-VII, 63 x 62 cm.</subfield></datafield><datafield tag="651" ind1=" " ind2="0"><subfield code="a">Africa</subfield><subfield code="z">Egypt</subfield><subfield code="z">Alexandria</subfield><subfield code="v">Maps.</subfield></datafield><datafield tag="913" ind1=" " ind2=" "><subfield code="1">61</subfield><subfield code="2">Printer</subfield><subfield code="5">Uncertain</subfield><subfield code="6">Full</subfield></datafield><datafield tag="949" ind1=" " ind2=" "><subfield code="a">MAPS 37-A-I-I to 37-A-VI-VII</subfield></datafield><datafield tag="951" ind1=" " ind2=" "><subfield code="a">403 (I-I), 388 (I-II), 394 (II-II), 402 (II-III), 390 (III-II), 389 (III-III), 391 (III-IV), 395 (III-V), 393 (IV-III), 397 (IV-IV), 398 (IV-V), 387 (IV-VI), 392 (V-V), 399 (V-VI), 401 (V-VIII), 400 (VI-VI), 396a (VI-VII, c.1), 396b (VI-VII, c.2), 404 (keymap).</subfield></datafield><datafield tag="999" ind1=" " ind2=" "><subfield code="a">MAP</subfield></datafield></record>