<record><leader>01154nem a2200301 a 4500</leader><controlfield tag="001">991000096389702696</controlfield><controlfield tag="005">20170607075036.0</controlfield><controlfield tag="008">051118s1909    xx        a   001   eng u</controlfield><datafield tag="035" ind1=" " ind2=" "><subfield code="a">(IL-JeALB)10239-972ai_inst</subfield></datafield><datafield tag="035" ind1=" " ind2=" "><subfield code="a">10239</subfield><subfield code="9">ExL</subfield></datafield><datafield tag="035" ind1=" " ind2=" "><subfield code="a">map00000051</subfield></datafield><datafield tag="110" ind1="1" ind2=" "><subfield code="a">Survey Department, Egypt</subfield></datafield><datafield tag="245" ind1="1" ind2="0"><subfield code="a">Alexandria 1:1,000 : Markaz Ramleh.</subfield><subfield code="h">[map]</subfield></datafield><datafield tag="255" ind1=" " ind2=" "><subfield code="a">Scale 1:1,000.</subfield></datafield><datafield tag="260" ind1=" " ind2=" "><subfield code="b">Survey Department, Egypt,</subfield><subfield code="c">1909.</subfield></datafield><datafield tag="300" ind1=" " ind2=" "><subfield code="a">1 map on 1 sheet ;</subfield><subfield code="c">50 x 50 cm. on sheet 61 x 59 cm.</subfield></datafield><datafield tag="500" ind1=" " ind2=" "><subfield code="a">Accompanied by an index map which is also used for the 1:5,000 series.</subfield></datafield><datafield tag="500" ind1=" " ind2=" "><subfield code="a">Monochrome key map printed on verso.</subfield></datafield><datafield tag="500" ind1=" " ind2=" "><subfield code="a">Sheet is stamped with Clarence Fisher's stamp on verso.</subfield></datafield><datafield tag="505" ind1="0" ind2=" "><subfield code="a">Sheet 26-30. Markaz Ramleh.</subfield></datafield><datafield tag="506" ind1=" " ind2=" "><subfield code="a">May require conservation work before use.</subfield></datafield><datafield tag="530" ind1=" " ind2=" "><subfield code="a">Digitized version of sheet held by library: 26-30, Markaz Ramleh, also available from the Albright DVD collection [G8304.A5E3].</subfield></datafield><datafield tag="546" ind1=" " ind2=" "><subfield code="a">English and Arabic.</subfield></datafield><datafield tag="651" ind1=" " ind2="0"><subfield code="a">Africa</subfield><subfield code="z">Egypt</subfield><subfield code="z">Alexandria</subfield><subfield code="v">Maps.</subfield></datafield><datafield tag="913" ind1=" " ind2=" "><subfield code="1">62</subfield><subfield code="2">Publisher</subfield><subfield code="5">Uncertain</subfield><subfield code="6">Full</subfield></datafield><datafield tag="949" ind1=" " ind2=" "><subfield code="a">MAPS 37-A-VI-VI-26-30</subfield></datafield><datafield tag="951" ind1=" " ind2=" "><subfield code="a">408</subfield></datafield><datafield tag="999" ind1=" " ind2=" "><subfield code="a">MAP</subfield></datafield></record>