<record><leader>00775nem a2200241 a 4500</leader><controlfield tag="001">991000096399702696</controlfield><controlfield tag="005">20170202120802.0</controlfield><controlfield tag="008">051118s1960    xx            001 0 eng u</controlfield><datafield tag="035" ind1=" " ind2=" "><subfield code="a">(IL-JeALB)10240-972ai_inst</subfield></datafield><datafield tag="035" ind1=" " ind2=" "><subfield code="a">10240</subfield><subfield code="9">ExL</subfield></datafield><datafield tag="035" ind1=" " ind2=" "><subfield code="a">map00000031</subfield></datafield><datafield tag="245" ind1="0" ind2="0"><subfield code="a">Altintop, Islahiye, Zincirli ve Sakcagozu ovalarindaki huyukleri gosterir harita.</subfield><subfield code="h">[map]</subfield></datafield><datafield tag="255" ind1=" " ind2=" "><subfield code="a">Scale 1:200,000.</subfield></datafield><datafield tag="260" ind1=" " ind2=" "><subfield code="c">[ca.1960?]</subfield></datafield><datafield tag="300" ind1=" " ind2=" "><subfield code="a">1 map on 1 sheet ;</subfield><subfield code="c">60 x 39 cm. on sheet 62 x 39 cm.</subfield></datafield><datafield tag="500" ind1=" " ind2=" "><subfield code="a">Hand-drawn over a printed or lithographed form.</subfield></datafield><datafield tag="506" ind1=" " ind2=" "><subfield code="a">Will require conservation work before use.</subfield></datafield><datafield tag="546" ind1=" " ind2=" "><subfield code="a">Turkish.</subfield></datafield><datafield tag="651" ind1=" " ind2="0"><subfield code="a">Asia</subfield><subfield code="z">Turkey</subfield><subfield code="z">Alexandretta</subfield><subfield code="v">Maps.</subfield></datafield><datafield tag="913" ind1=" " ind2=" "><subfield code="1">41</subfield><subfield code="5">Uncertain</subfield><subfield code="6">Full</subfield></datafield><datafield tag="949" ind1=" " ind2=" "><subfield code="a">MAPS 32A-63-1</subfield></datafield><datafield tag="951" ind1=" " ind2=" "><subfield code="a">506</subfield></datafield><datafield tag="999" ind1=" " ind2=" "><subfield code="a">MAP</subfield></datafield></record>