<record><leader>01019nem a2200265 a 4500</leader><controlfield tag="001">991000096409702696</controlfield><controlfield tag="005">20170202120802.0</controlfield><controlfield tag="008">051118s1890    xx            001 0 eng u</controlfield><datafield tag="035" ind1=" " ind2=" "><subfield code="a">(IL-JeALB)10241-972ai_inst</subfield></datafield><datafield tag="035" ind1=" " ind2=" "><subfield code="a">10241</subfield><subfield code="9">ExL</subfield></datafield><datafield tag="035" ind1=" " ind2=" "><subfield code="a">map00000037</subfield></datafield><datafield tag="100" ind1="1" ind2=" "><subfield code="a">Kiepert, Heinrich,</subfield><subfield code="d">1818-1899</subfield></datafield><datafield tag="242" ind1=" " ind2=" "><subfield code="a">Asiatic provinces of the Ottoman Empire.</subfield></datafield><datafield tag="245" ind1="1" ind2="0"><subfield code="a">Apercu general de la division administrative de provinces asiatiques de l'empire ottoman :</subfield><subfield code="b">selon le dnombrement officiel contenu dans le Slnme pour l'annee 1300 de l'hegire (1883-84).</subfield><subfield code="h">[map]</subfield></datafield><datafield tag="255" ind1=" " ind2=" "><subfield code="a">Scale not given.</subfield></datafield><datafield tag="260" ind1=" " ind2=" "><subfield code="b">C. Ohmann,</subfield><subfield code="c">[ca.1890]</subfield></datafield><datafield tag="300" ind1=" " ind2=" "><subfield code="a">1 map on 1 sheet ;</subfield><subfield code="c">33 x 55 cm. on sheet 43 x 58 cm.</subfield></datafield><datafield tag="506" ind1=" " ind2=" "><subfield code="a">May require conservation work before use.</subfield></datafield><datafield tag="651" ind1=" " ind2="0"><subfield code="a">Asia</subfield><subfield code="z">Turkey</subfield><subfield code="z">Asia Minor</subfield><subfield code="v">Maps.</subfield></datafield><datafield tag="651" ind1=" " ind2="0"><subfield code="a">Europe</subfield><subfield code="z">Cyprus</subfield><subfield code="v">Maps.</subfield></datafield><datafield tag="651" ind1=" " ind2="0"><subfield code="a">Europe</subfield><subfield code="z">Greece</subfield><subfield code="z">Eastern Aegean</subfield><subfield code="v">Maps.</subfield></datafield><datafield tag="913" ind1=" " ind2=" "><subfield code="1">47</subfield><subfield code="2">lithographic printer</subfield><subfield code="5">Uncertain</subfield><subfield code="6">Full</subfield></datafield><datafield tag="949" ind1=" " ind2=" "><subfield code="a">MAPS 32-84-1</subfield></datafield><datafield tag="951" ind1=" " ind2=" "><subfield code="a">216</subfield></datafield><datafield tag="999" ind1=" " ind2=" "><subfield code="a">MAP</subfield></datafield></record>