<record><leader>02533nem a2200337 a 4500</leader><controlfield tag="001">991000096419702696</controlfield><controlfield tag="005">20190115054416.0</controlfield><controlfield tag="008">051118s1916    xx            001 0 eng u</controlfield><datafield tag="035" ind1=" " ind2=" "><subfield code="a">(IL-JeALB)10242-972ai_inst</subfield></datafield><datafield tag="035" ind1=" " ind2=" "><subfield code="a">10242</subfield><subfield code="9">ExL</subfield></datafield><datafield tag="035" ind1=" " ind2=" "><subfield code="a">map00000043</subfield></datafield><datafield tag="110" ind1="1" ind2=" "><subfield code="a">British War Office</subfield></datafield><datafield tag="245" ind1="1" ind2="0"><subfield code="a">Asia 1:1,000,000.</subfield><subfield code="h">[map]</subfield></datafield><datafield tag="250" ind1=" " ind2=" "><subfield code="a">Provisional edition-Second provisional edition.</subfield></datafield><datafield tag="255" ind1=" " ind2=" "><subfield code="a">Scale 1:1,000,000.</subfield></datafield><datafield tag="260" ind1=" " ind2=" "><subfield code="b">British War Office,</subfield><subfield code="c">1916-1925 [1932].</subfield></datafield><datafield tag="300" ind1=" " ind2=" "><subfield code="a">1 map on 17 sheets ;</subfield><subfield code="c">46 x 71 cm. or smaller, on 17 sheets 64 x 84 cm. or smaller.</subfield></datafield><datafield tag="500" ind1=" " ind2=" "><subfield code="a">Geographical Section, General Staff, No. 2555 = GSGS series 2555.</subfield></datafield><datafield tag="500" ind1=" " ind2=" "><subfield code="a">The Albright library has two copies of sheets NG-37, NH-37, and NI-37.</subfield></datafield><datafield tag="500" ind1=" " ind2=" "><subfield code="a">All sheets are stamped with Clarence Fisher's stamp on verso, apart from sheets NG-37 c.1 and NH-37 c.1.</subfield></datafield><datafield tag="505" ind1="8" ind2=" "><subfield code="a">Sheets: NG-37 Medina, &amp; part of G-36 (1921)--NG-38 Riyadh (1922)--NH-36 Cairo (1918)--NH-37 El Djauf (1918)--NH-38 Basra (1924)--NH-39 Bushire (1918)--NI-36 Beirut (1918)--NI-37 Esh Sham (Damascus) (c.1 1918,  c.2 1932)--NI-38 Baghdad (1924)--NI-39 Tehran (1916)--NJ-37 Erzerum (1925)--NJ-38 Tabriz (1924)--NJ-39 Resht (1918)--NK-36 Sinob (1916)--NK-37 Batum (1918)--NK-38 Tiflis (1916)--NK-39 Baku (1916).</subfield></datafield><datafield tag="506" ind1=" " ind2=" "><subfield code="a">May require conservation work before use.</subfield></datafield><datafield tag="595" ind1=" " ind2=" "><subfield code="a">Sheet sizes: NG-37, c.1 84 x 63 cm., c.2 82 x 64 cm.; NG-38, 71 x 63 cm.; NH-36, 69 x 61 cm.; NH-37, c.1 72 x 63 cm., c.2 71 x 62 cm.; NH-38, 69 x 63 cm.; NH-39, 72 x 64 cm.; NI-36, 68 x 63 cm.; NI-37, c.1 69 x 63 cm., c.2 72 x 63 cm.; NI-38, 68 x 62 cm.; NI-39, 70 x 63 cm.; NJ-37, 65 x 62 cm.; NJ-38, 67 x 62 cm.; NJ-39, 64 x 61 cm.; NK-36, 65 x 64 cm.; NK-37, 65 x 64 cm.; NK-38, 64 x 64 cm.; NK-39, 64 x 63 cm.</subfield></datafield><datafield tag="651" ind1=" " ind2="0"><subfield code="a">Asia</subfield><subfield code="z">Middle East</subfield><subfield code="v">Maps.</subfield></datafield><datafield tag="651" ind1=" " ind2="0"><subfield code="a">Asia</subfield><subfield code="z">Turkey</subfield><subfield code="v">Maps.</subfield></datafield><datafield tag="651" ind1=" " ind2="0"><subfield code="a">Africa</subfield><subfield code="z">Egypt</subfield><subfield code="v">Maps.</subfield></datafield><datafield tag="913" ind1=" " ind2=" "><subfield code="1">53</subfield><subfield code="2">Publisher</subfield><subfield code="5">Uncertain</subfield><subfield code="6">Full</subfield></datafield><datafield tag="949" ind1=" " ind2=" "><subfield code="a">MAPS 33A-NG-37 to 33A-NK-39</subfield></datafield><datafield tag="951" ind1=" " ind2=" "><subfield code="a">405 (NG-37 c.1), 80 (NG-37 c.2), 79 (NG-38), 270 (NH-36), 262 (NH-37 c.1), 61 (NH-37 c.2), 335 (NH-38), 19 (NH-39), 209 (NI-36), 211 (NI-37 c.1), 212 (NI-37 c.2), 260 (NI-38), 28 (NI-39), 36 (NJ-37), 33 (NJ-38), 29 (NJ-39), 42 (NK-36), 62 (NK-37), 32 (NK-38), 76 (NK-39).</subfield></datafield><datafield tag="953" ind1=" " ind2=" "><subfield code="n">Stored in 4 folders. Folder 1 : 33A-NG-37, -NG-38. Folder 2 : 33A-NH-36-1918, -NH-37, -NH-38, -NH-39. Folder 3 : 33A-NI-36, -NI-37-1918, -NI-37-1932, -NI-38, -NI-39. Folder 4 : 33A-NJ-37, -NJ-38, -NJ-39, -NK-36, -NK-37, -NK-38, -NK-39.</subfield></datafield><datafield tag="999" ind1=" " ind2=" "><subfield code="a">MAP</subfield></datafield></record>