<record><leader>02759nem a2200313 a 4500</leader><controlfield tag="001">991000096439702696</controlfield><controlfield tag="005">20170815084623.0</controlfield><controlfield tag="008">051118s1915    ua        a   r01   eng c</controlfield><datafield tag="035" ind1=" " ind2=" "><subfield code="a">(IL-JeALB)10244-972ai_inst</subfield></datafield><datafield tag="035" ind1=" " ind2=" "><subfield code="a">10244</subfield><subfield code="9">ExL</subfield></datafield><datafield tag="035" ind1=" " ind2=" "><subfield code="a">map00000053</subfield></datafield><datafield tag="110" ind1="1" ind2=" "><subfield code="a">Survey Dept., Egypt</subfield></datafield><datafield tag="245" ind1="1" ind2="0"><subfield code="a">Cairo 1:5,000.</subfield><subfield code="h">[map]</subfield></datafield><datafield tag="255" ind1=" " ind2=" "><subfield code="a">Scale 1:5,000.</subfield></datafield><datafield tag="260" ind1=" " ind2=" "><subfield code="b">Survey Dept., Egypt,</subfield><subfield code="c">1915-1917.</subfield></datafield><datafield tag="300" ind1=" " ind2=" "><subfield code="a">1 map on 22 sheets, key map, booklet ;</subfield><subfield code="c">52 x 66 cm. or smaller, on 23 sheets 63 x 71 cm. or smaller.</subfield></datafield><datafield tag="500" ind1=" " ind2=" "><subfield code="a">Accompanied by an index map which is also used with the 1:1,000 series, and a booklet entitled 'Index to the Mohammedan Monuments appearing on the special 1:5,000 scale maps of Cairo' published by the American University in Cairo Press, 1980.</subfield></datafield><datafield tag="500" ind1=" " ind2=" "><subfield code="a">Several sheets have monochrome key map on verso.</subfield></datafield><datafield tag="500" ind1=" " ind2=" "><subfield code="a">All sheets are stamped with Clarence Fisher's stamp on verso.</subfield></datafield><datafield tag="505" ind1="0" ind2=" "><subfield code="a">Sheets: I-V-2 Es-Saiyida Zeinab (1916) -- I-V-4 Old Cairo (1917) -- I-VI-1 Citadel (1917) -- I-VI-3 El-Imam Esh-Shafii (1917) -- II-V-2 Shubra (1915) -- II-V-4 Qasr En-Nil (1915) -- II-VI-1 Ez-Zahir (1916) -- II-VI-2 El-Abbasiya (1915) -- II-VI-3 El-Muski (1916) -- II-VI-4 Eastern Cemetery (Tombs of the Khalifs) (1917) -- III-V-2 Ez. Garabedian (1916) -- III-V-4 Rod El-Farag (1916) -- III-VI-1 El-Ismailia Canal (1916) -- III-VI-2 El-Amiriya (1916) -- III-VI-3 Mit Es-Sirig (1916) -- III-VI-4 El-Qubba (1916) -- III-VII-1 Ez-Zeitun (1917) -- III-VII-3 Heliopolis West (1916) -- III-VII-4 Heliopolis East (1916) -- IV-VI-4 Ez El-Aqqad (1917) -- IV-VII-3 El Matariya (1917) -- IV-VIII-4 Kafr El-Gamus (1917) -- Key map (1917).</subfield></datafield><datafield tag="506" ind1=" " ind2=" "><subfield code="a">May require conservation work before use.</subfield></datafield><datafield tag="546" ind1=" " ind2=" "><subfield code="a">English.</subfield></datafield><datafield tag="555" ind1="0" ind2=" "><subfield code="a">Graphic key to Albright-held sheets at:</subfield><subfield code="u">http://www.aiar.org/wp-content/uploads/2014/11/Cairo_1_5000-1000_grid.pdf</subfield></datafield><datafield tag="595" ind1=" " ind2=" "><subfield code="a">Sheet sizes: Key map, 61 x 56 cm. Sheets III-V-2, III-VII-4, II-V-4, 62 x 61 cm. Sheets III-VI-1, III-VI-2, III-V-4, II-VI-1, II-VI-4, I-V-2, I-VI-1, I-V-4, I-VI-3, 62 x 62 cm. Sheet III-VI-3, 63 x 60 cm. Sheets IV-VI-4, IV-VII-3, III-VII-1, III-VI-4, III-VII-3, II-V-2, II-VI-2, 63 x 62 cm. Sheet IV-VIII-4, 71 x 63 cm.</subfield></datafield><datafield tag="651" ind1=" " ind2="0"><subfield code="a">Africa</subfield><subfield code="z">Egypt</subfield><subfield code="z">Cairo</subfield><subfield code="v">Maps.</subfield></datafield><datafield tag="913" ind1=" " ind2=" "><subfield code="1">64</subfield><subfield code="2">Publisher</subfield><subfield code="5">Uncertain</subfield><subfield code="6">Full</subfield></datafield><datafield tag="949" ind1=" " ind2=" "><subfield code="a">MAPS 37-C-I-V-2 to 37-C-IV-VIII-4, 37-C-keymap, 37-C-00index</subfield></datafield><datafield tag="951" ind1=" " ind2=" "><subfield code="a">291 (III-VI-1), 292 (III-V-2), 293 (II-VI-1), 294 (II-V-2), 295 (IV-VIII-4), 296 (I-VI-1), 297 (IV-VII-3), 298 (I-V-4), 299 (II-V-4), 300 (I-V-2), 301 (III-V-4), 302 (II-VI-3), 303 (III-VII-3), 304 (III-VI-3), 305 (III-VI-4), 306 (III-VII-1), 307 (III-VI-2), 308 (III-VII-4), 309 (II-VI-4), 310 (IV-VI-4), 311 (I-VI-3), 312 (II-VI-2), 313 (key map).</subfield></datafield><datafield tag="999" ind1=" " ind2=" "><subfield code="a">MAP</subfield></datafield></record>