<record><leader>01134nem a2200277 a 4500</leader><controlfield tag="001">991000096449702696</controlfield><controlfield tag="005">20170202120802.0</controlfield><controlfield tag="008">051118s1926    xx            001 0 eng u</controlfield><datafield tag="035" ind1=" " ind2=" "><subfield code="a">(IL-JeALB)10245-972ai_inst</subfield></datafield><datafield tag="035" ind1=" " ind2=" "><subfield code="a">10245</subfield><subfield code="9">ExL</subfield></datafield><datafield tag="035" ind1=" " ind2=" "><subfield code="a">map00000042</subfield></datafield><datafield tag="110" ind1="1" ind2=" "><subfield code="a">Istituto Geografico Militare</subfield></datafield><datafield tag="245" ind1="1" ind2="0"><subfield code="a">Carta Internazionale del Mondo al 1,000,000.</subfield><subfield code="h">[map]</subfield></datafield><datafield tag="255" ind1=" " ind2=" "><subfield code="a">Scale 1:1,000,000.</subfield></datafield><datafield tag="260" ind1=" " ind2=" "><subfield code="a">Florence :</subfield><subfield code="b">Istituto Geografico Militare,</subfield><subfield code="c">1926.</subfield></datafield><datafield tag="300" ind1=" " ind2=" "><subfield code="a">1 map on 2 sheets ;</subfield><subfield code="c">46 x 52 cm., on 2 sheets 64 x 65 cm. and 64 x 63 cm.</subfield></datafield><datafield tag="500" ind1=" " ind2=" "><subfield code="a">The Albright library also has sheet N.J.33 Palermo (33-NJ-33), which seems like a 1950s update of this map series. The 3 sheets are stored together.</subfield></datafield><datafield tag="500" ind1=" " ind2=" "><subfield code="a">All 3 sheets are stamped with Clarence Fisher's stamp on verso.</subfield></datafield><datafield tag="505" ind1=" " ind2=" "><subfield code="a">Sheets: NK-32 Firenze -- NK-33 Roma.</subfield></datafield><datafield tag="506" ind1=" " ind2=" "><subfield code="a">May require conservation work before use.</subfield></datafield><datafield tag="546" ind1=" " ind2=" "><subfield code="a">Dual language edition, French and Italian.</subfield></datafield><datafield tag="651" ind1=" " ind2="0"><subfield code="a">Europe</subfield><subfield code="z">Italy</subfield><subfield code="v">Maps.</subfield></datafield><datafield tag="913" ind1=" " ind2=" "><subfield code="1">52</subfield><subfield code="2">Publisher</subfield><subfield code="5">Uncertain</subfield><subfield code="6">Full</subfield></datafield><datafield tag="949" ind1=" " ind2=" "><subfield code="a">MAPS 33-NK-32, -33</subfield></datafield><datafield tag="951" ind1=" " ind2=" "><subfield code="a">74 (NK-32), 63 (NK-33).</subfield></datafield><datafield tag="999" ind1=" " ind2=" "><subfield code="a">MAP</subfield></datafield></record>