<record><leader>00974nem a2200265 a 4500</leader><controlfield tag="001">991000096469702696</controlfield><controlfield tag="005">20170202120803.0</controlfield><controlfield tag="008">051118s1957    xx            001 0 eng u</controlfield><datafield tag="035" ind1=" " ind2=" "><subfield code="a">(IL-JeALB)10247-972ai_inst</subfield></datafield><datafield tag="035" ind1=" " ind2=" "><subfield code="a">10247</subfield><subfield code="9">ExL</subfield></datafield><datafield tag="035" ind1=" " ind2=" "><subfield code="a">map00000057</subfield></datafield><datafield tag="100" ind1="1" ind2=" "><subfield code="a">Aouad, Paul Khalil</subfield></datafield><datafield tag="245" ind1="1" ind2="0"><subfield code="a">Carte Touristique du Liban.</subfield><subfield code="h">[map]</subfield></datafield><datafield tag="255" ind1=" " ind2=" "><subfield code="a">Scale 1:200,000.</subfield></datafield><datafield tag="260" ind1=" " ind2=" "><subfield code="a">Beirut :</subfield><subfield code="b">Commissariat General au Tourisme,</subfield><subfield code="c">1957.</subfield></datafield><datafield tag="300" ind1=" " ind2=" "><subfield code="a">1 map on 1 sheet ;</subfield><subfield code="c">67 x 91.5 cm. on sheet 70 x 100 cm.</subfield></datafield><datafield tag="500" ind1=" " ind2=" "><subfield code="a">In manuscript on map: 'Willard G. Oxtoby 1958.' Willard G. Oxtoby worked in Jerusalem 1958-1960 as part of the team that studied the Dead Sea Scrolls.</subfield></datafield><datafield tag="506" ind1=" " ind2=" "><subfield code="a">May require conservation work before use.</subfield></datafield><datafield tag="546" ind1=" " ind2=" "><subfield code="a">French.</subfield></datafield><datafield tag="651" ind1=" " ind2="0"><subfield code="a">Asia</subfield><subfield code="z">Middle East</subfield><subfield code="z">Lebanon</subfield><subfield code="v">Maps.</subfield></datafield><datafield tag="720" ind1="2" ind2=" "><subfield code="a">Imp. Cath. Beyrouth, Beirut</subfield><subfield code="e">, printer</subfield></datafield><datafield tag="913" ind1=" " ind2=" "><subfield code="1">68</subfield><subfield code="2">Publisher</subfield><subfield code="3">Printer</subfield><subfield code="5">Uncertain</subfield><subfield code="6">Full</subfield></datafield><datafield tag="949" ind1=" " ind2=" "><subfield code="a">MAPS 38-57-1</subfield></datafield><datafield tag="951" ind1=" " ind2=" "><subfield code="a">253</subfield></datafield><datafield tag="999" ind1=" " ind2=" "><subfield code="a">MAP</subfield></datafield></record>