<record><leader>01218nem a2200289 a 4500</leader><controlfield tag="001">991000096489702696</controlfield><controlfield tag="005">20170815090835.0</controlfield><controlfield tag="008">051118s1915    xx            r01   eng c</controlfield><datafield tag="035" ind1=" " ind2=" "><subfield code="a">(IL-JeALB)10249-972ai_inst</subfield></datafield><datafield tag="035" ind1=" " ind2=" "><subfield code="a">10249</subfield><subfield code="9">ExL</subfield></datafield><datafield tag="035" ind1=" " ind2=" "><subfield code="a">map00000040</subfield></datafield><datafield tag="110" ind1="1" ind2=" "><subfield code="a">British War Office</subfield></datafield><datafield tag="245" ind1="1" ind2="0"><subfield code="a">Europe 1:1,000,000.</subfield><subfield code="h">[map]</subfield></datafield><datafield tag="255" ind1=" " ind2=" "><subfield code="a">Scale 1:1,000,000.</subfield></datafield><datafield tag="260" ind1=" " ind2=" "><subfield code="b">British War Office,</subfield><subfield code="c">1915-1933.</subfield></datafield><datafield tag="300" ind1=" " ind2=" "><subfield code="a">1 map on 5 sheets ;</subfield><subfield code="c">46.5 x 57.5 cm. or smaller, on 5 sheets 66 x 63 cm. or smaller.</subfield></datafield><datafield tag="500" ind1=" " ind2=" "><subfield code="a">Sheets are stamped with Clarence Fisher's stamp on verso.</subfield></datafield><datafield tag="505" ind1="0" ind2=" "><subfield code="a">Sheets: N.I.35. Candia -- N.J.34. Athenai -- N.K.34. Sofiya -- N.L.32. Milano -- N.L.33. Triest.</subfield></datafield><datafield tag="506" ind1=" " ind2=" "><subfield code="a">May require conservation work before use.</subfield></datafield><datafield tag="595" ind1=" " ind2=" "><subfield code="a">Sheet sizes: N.I.35, 65 x 61 cm.; N.J.34, 64 x 63 cm.; N.K.34, 66 x 62 cm.; N.L.32, 63 x 62 cm.; N.L.33, 61 x 61 cm.</subfield></datafield><datafield tag="651" ind1=" " ind2="0"><subfield code="a">Europe</subfield><subfield code="z">Italy</subfield><subfield code="z">Northern</subfield><subfield code="v">Maps.</subfield></datafield><datafield tag="651" ind1=" " ind2="0"><subfield code="a">Europe</subfield><subfield code="z">Greece</subfield><subfield code="v">Maps.</subfield></datafield><datafield tag="651" ind1=" " ind2="0"><subfield code="a">Europe</subfield><subfield code="z">Balkans</subfield><subfield code="z">South</subfield><subfield code="v">Maps.</subfield></datafield><datafield tag="913" ind1=" " ind2=" "><subfield code="1">50</subfield><subfield code="2">Publisher</subfield><subfield code="5">Uncertain</subfield><subfield code="6">Full</subfield></datafield><datafield tag="949" ind1=" " ind2=" "><subfield code="a">MAPS 33-NI-35, -NJ-34, -NK-34, -NL-32, -NL-33</subfield></datafield><datafield tag="951" ind1=" " ind2=" "><subfield code="a">43 (N.I.35), 44 (N.J.34), 39 (N.K.34), 24 (N.L.32), 35 (N.L.33).</subfield></datafield><datafield tag="999" ind1=" " ind2=" "><subfield code="a">MAP</subfield></datafield></record>