<record><leader>01175nem a2200301 a 4500</leader><controlfield tag="001">991000096499702696</controlfield><controlfield tag="005">20170202120803.0</controlfield><controlfield tag="008">051118s1795    xx            001 0 eng u</controlfield><datafield tag="035" ind1=" " ind2=" "><subfield code="a">(IL-JeALB)10250-972ai_inst</subfield></datafield><datafield tag="035" ind1=" " ind2=" "><subfield code="a">10250</subfield><subfield code="9">ExL</subfield></datafield><datafield tag="035" ind1=" " ind2=" "><subfield code="a">map00000034</subfield></datafield><datafield tag="100" ind1="1" ind2=" "><subfield code="a">Faden, W</subfield></datafield><datafield tag="245" ind1="1" ind2="0"><subfield code="a">European Dominions of the Ottomans, or Turkey in Europe.</subfield><subfield code="h">[map]</subfield></datafield><datafield tag="255" ind1=" " ind2=" "><subfield code="a">Graphical scale bar: 11 cm. = 200 British miles.</subfield></datafield><datafield tag="260" ind1=" " ind2=" "><subfield code="a">London :</subfield><subfield code="b">W. Faden,</subfield><subfield code="c">1795.</subfield></datafield><datafield tag="300" ind1=" " ind2=" "><subfield code="a">1 map on 1 sheet ;</subfield><subfield code="c">54.5 x 72.5 cm. on sheet 59 x 80 cm.</subfield></datafield><datafield tag="500" ind1=" " ind2=" "><subfield code="a">Sheet is stamped with Clarence Fisher's stamp on verso.</subfield></datafield><datafield tag="506" ind1=" " ind2=" "><subfield code="a">Will require conservation work before use.</subfield></datafield><datafield tag="530" ind1=" " ind2=" "><subfield code="a">Library also has a digitized version of this map on CD (Z692.M3A4).</subfield></datafield><datafield tag="530" ind1=" " ind2=" "><subfield code="a">Digitized version also available online on the AIAR website:</subfield><subfield code="u">http://www.aiar.org/wp-content/uploads/2015/01/European_dominions_of_the_Ottomans.pdf</subfield></datafield><datafield tag="651" ind1=" " ind2="0"><subfield code="a">Europe</subfield><subfield code="z">Balkans</subfield><subfield code="v">Maps.</subfield></datafield><datafield tag="651" ind1=" " ind2="0"><subfield code="a">Europe</subfield><subfield code="z">Greece</subfield><subfield code="v">Maps.</subfield></datafield><datafield tag="651" ind1=" " ind2="0"><subfield code="a">Asia</subfield><subfield code="z">Turkey</subfield><subfield code="z">Asia Minor</subfield><subfield code="v">Maps.</subfield></datafield><datafield tag="651" ind1=" " ind2="0"><subfield code="a">Black Sea</subfield><subfield code="v">Maps.</subfield></datafield><datafield tag="913" ind1=" " ind2=" "><subfield code="1">44</subfield><subfield code="2">Publisher</subfield><subfield code="5">Uncertain</subfield><subfield code="6">Full</subfield></datafield><datafield tag="949" ind1=" " ind2=" "><subfield code="a">MAPS 32-79-2</subfield></datafield><datafield tag="951" ind1=" " ind2=" "><subfield code="a">40</subfield></datafield><datafield tag="999" ind1=" " ind2=" "><subfield code="a">MAP</subfield></datafield></record>