<record><leader>01321nem a2200277 a 4500</leader><controlfield tag="001">991000096509702696</controlfield><controlfield tag="005">20170228161950.0</controlfield><controlfield tag="008">051118s1670    ne        a   r01   eng d</controlfield><datafield tag="035" ind1=" " ind2=" "><subfield code="a">(IL-JeALB)10251-972ai_inst</subfield></datafield><datafield tag="035" ind1=" " ind2=" "><subfield code="a">10251</subfield><subfield code="9">ExL</subfield></datafield><datafield tag="035" ind1=" " ind2=" "><subfield code="a">map00000035</subfield></datafield><datafield tag="100" ind1="1" ind2=" "><subfield code="a">Visscher, Nicolas</subfield><subfield code="d">1649-1702</subfield></datafield><datafield tag="245" ind1="1" ind2="0"><subfield code="a">Exactissima Tabula, qua tam Danubii Fluvii pars inferior, A Belgrado Urbe usq ad Ejus Ostia, et minores in eum influentes fluvii, quam regiones adjacentes, ut Transylvania, Valachia, Moldavia, Bulgaria, Bessarabia et Romonia, aliiq Ucrani ac Podoli Tractus Finitimi ostenduntur per Nicolaum Visscher.</subfield><subfield code="h">[map]</subfield></datafield><datafield tag="255" ind1=" " ind2=" "><subfield code="a">Graphical scale bar: 5.6 cm. = Italian geometric miles.</subfield></datafield><datafield tag="260" ind1=" " ind2=" "><subfield code="a">Amsterdam :</subfield><subfield code="b">N. Visscher,</subfield><subfield code="c">[ca.1670]</subfield></datafield><datafield tag="300" ind1=" " ind2=" "><subfield code="a">1 map on 1 sheet ;</subfield><subfield code="c">48.5 x 59 cm. on sheet 54 x 63 cm.</subfield></datafield><datafield tag="500" ind1=" " ind2=" "><subfield code="a">Index of place-names on verso.</subfield></datafield><datafield tag="500" ind1=" " ind2=" "><subfield code="a">Sheet is stamped with Clarence Fisher's stamp on verso.</subfield></datafield><datafield tag="506" ind1=" " ind2=" "><subfield code="a">May require conservation work before use.</subfield></datafield><datafield tag="520" ind1=" " ind2=" "><subfield code="a">One of three maps by Nicolaes Visscher (1649-1702) collectively showing the entire length of the Danube.</subfield></datafield><datafield tag="546" ind1=" " ind2=" "><subfield code="a">Introductory text in German and Dutch.</subfield></datafield><datafield tag="651" ind1=" " ind2="0"><subfield code="a">Europe</subfield><subfield code="z">Balkans</subfield><subfield code="z">Danube</subfield><subfield code="v">Maps.</subfield></datafield><datafield tag="913" ind1=" " ind2=" "><subfield code="1">45</subfield><subfield code="2">Publisher</subfield><subfield code="5">Uncertain</subfield><subfield code="6">Full</subfield></datafield><datafield tag="949" ind1=" " ind2=" "><subfield code="a">MAPS 32-80-1</subfield></datafield><datafield tag="951" ind1=" " ind2=" "><subfield code="a">73</subfield></datafield><datafield tag="999" ind1=" " ind2=" "><subfield code="a">MAP</subfield></datafield></record>