<record><leader>01023nem a2200253 a 4500</leader><controlfield tag="001">991000096519702696</controlfield><controlfield tag="005">20170202120803.0</controlfield><controlfield tag="008">051118s1917    xx            001 0 eng u</controlfield><datafield tag="035" ind1=" " ind2=" "><subfield code="a">(IL-JeALB)10252-972ai_inst</subfield></datafield><datafield tag="035" ind1=" " ind2=" "><subfield code="a">10252</subfield><subfield code="9">ExL</subfield></datafield><datafield tag="035" ind1=" " ind2=" "><subfield code="a">map00000065</subfield></datafield><datafield tag="245" ind1="1" ind2="0"><subfield code="a">General Map of Jerusalem 1:5,000.</subfield><subfield code="h">[map]</subfield></datafield><datafield tag="255" ind1=" " ind2=" "><subfield code="a">Scale 1:5,000.</subfield></datafield><datafield tag="260" ind1=" " ind2=" "><subfield code="b">[Survey of Egypt,]</subfield><subfield code="c">[between 1924 and 1930]</subfield></datafield><datafield tag="300" ind1=" " ind2=" "><subfield code="a">1 map on 1 sheet ;</subfield><subfield code="c">92.5 x 81 cm. on sheet 101 x 85 cm.</subfield></datafield><datafield tag="506" ind1=" " ind2=" "><subfield code="a">Conservation work done on original. Scanned print-out available.</subfield></datafield><datafield tag="530" ind1=" " ind2=" "><subfield code="a">Digitized version, photography by Ardon Bar-Hama courtesy of George Blumenthal, available online on the AIAR website at:</subfield><subfield code="u">http://www.aiar.org/wp-content/uploads/2015/01/24-24-01.pdf</subfield></datafield><datafield tag="530" ind1=" " ind2=" "><subfield code="a">Digitized version also available from the Albright CD collection (GA1321.B3).</subfield></datafield><datafield tag="546" ind1=" " ind2=" "><subfield code="a">English.</subfield></datafield><datafield tag="651" ind1=" " ind2="0"><subfield code="a">Asia</subfield><subfield code="z">Middle East</subfield><subfield code="z">Jerusalem</subfield><subfield code="v">Maps.</subfield></datafield><datafield tag="913" ind1=" " ind2=" "><subfield code="1">77</subfield><subfield code="2">Publisher</subfield><subfield code="5">Uncertain</subfield><subfield code="6">Full</subfield></datafield><datafield tag="949" ind1=" " ind2=" "><subfield code="a">MAPS 24-24-1</subfield></datafield><datafield tag="951" ind1=" " ind2=" "><subfield code="a">175</subfield></datafield><datafield tag="999" ind1=" " ind2=" "><subfield code="a">MAP</subfield></datafield></record>