<record><leader>01024nem a2200253 a 4500</leader><controlfield tag="001">991000096549702696</controlfield><controlfield tag="005">20171105150311.0</controlfield><controlfield tag="008">051118s1927    is        z   r 1   eng c</controlfield><datafield tag="035" ind1=" " ind2=" "><subfield code="a">(IL-JeALB)10255-972ai_inst</subfield></datafield><datafield tag="035" ind1=" " ind2=" "><subfield code="a">10255</subfield><subfield code="9">ExL</subfield></datafield><datafield tag="035" ind1=" " ind2=" "><subfield code="a">map00000064</subfield></datafield><datafield tag="110" ind1="1" ind2=" "><subfield code="a">Jerusalem Y.M.C.A.</subfield></datafield><datafield tag="245" ind1="1" ind2="0"><subfield code="a">Jerusalem; Excursion Map Jerusalem and Middle Juda</subfield><subfield code="h">[map]</subfield></datafield><datafield tag="255" ind1=" " ind2=" "><subfield code="a">Graphical scale bar: 13.7 cm. = 1 km.</subfield></datafield><datafield tag="260" ind1=" " ind2=" "><subfield code="a">Jerusalem :</subfield><subfield code="b">Jerusalem Y.M.C.A,</subfield><subfield code="c">[1927?]</subfield></datafield><datafield tag="300" ind1=" " ind2=" "><subfield code="a">1 map on 1 sheet ;</subfield><subfield code="c">63 x 77 cm. on sheet 83 x 68 cm.</subfield></datafield><datafield tag="500" ind1=" " ind2=" "><subfield code="a">This map is accompanied by an index guide booklet: 'Guide to Jerusalem pictorial map, Middle Judaea excursion map and Palestine and Syria map'.</subfield></datafield><datafield tag="506" ind1=" " ind2=" "><subfield code="a">Will require conservation work before use.</subfield></datafield><datafield tag="651" ind1=" " ind2="0"><subfield code="a">Asia</subfield><subfield code="z">Middle East</subfield><subfield code="z">Jerusalem</subfield><subfield code="v">Maps.</subfield></datafield><datafield tag="720" ind1="2" ind2=" "><subfield code="a">Syrian Orphanage Press, Jerusalem</subfield><subfield code="e">, printer</subfield></datafield><datafield tag="913" ind1=" " ind2=" "><subfield code="1">76</subfield><subfield code="2">Publisher</subfield><subfield code="3">Printer</subfield><subfield code="5">Uncertain</subfield><subfield code="6">Full</subfield></datafield><datafield tag="949" ind1=" " ind2=" "><subfield code="a">MAPS 24-27-1 (map), 24-27-2 (guide)</subfield></datafield><datafield tag="951" ind1=" " ind2=" "><subfield code="a">81 (map), 169 (guide).</subfield></datafield><datafield tag="999" ind1=" " ind2=" "><subfield code="a">MAP</subfield></datafield></record>