<record><leader>00770nem a2200265 a 4500</leader><controlfield tag="001">991000096589702696</controlfield><controlfield tag="005">20170202120804.0</controlfield><controlfield tag="008">051118s1962    xx            001 0 eng u</controlfield><datafield tag="035" ind1=" " ind2=" "><subfield code="a">(IL-JeALB)10259-972ai_inst</subfield></datafield><datafield tag="035" ind1=" " ind2=" "><subfield code="a">10259</subfield><subfield code="9">ExL</subfield></datafield><datafield tag="035" ind1=" " ind2=" "><subfield code="a">map00000032</subfield></datafield><datafield tag="100" ind1="1" ind2=" "><subfield code="a">Aytekin, Hanefi</subfield></datafield><datafield tag="242" ind1=" " ind2=" "><subfield code="a">Konya province</subfield></datafield><datafield tag="245" ind1="1" ind2="0"><subfield code="a">Konya Vilayeti.</subfield><subfield code="h">[map]</subfield></datafield><datafield tag="255" ind1=" " ind2=" "><subfield code="a">Scale 1:200,000.</subfield></datafield><datafield tag="260" ind1=" " ind2=" "><subfield code="b">Guzel Sanatlar Matbaasi,</subfield><subfield code="c">1962.</subfield></datafield><datafield tag="300" ind1=" " ind2=" "><subfield code="a">1 map on 1 sheet ;</subfield><subfield code="c">168 x 130 cm. on sheet 174 x 132 cm.</subfield></datafield><datafield tag="500" ind1=" " ind2=" "><subfield code="a">Backed with gauze.</subfield></datafield><datafield tag="506" ind1=" " ind2=" "><subfield code="a">Will require conservation work before use.</subfield></datafield><datafield tag="546" ind1=" " ind2=" "><subfield code="a">Turkish.</subfield></datafield><datafield tag="651" ind1=" " ind2="0"><subfield code="a">Asia</subfield><subfield code="z">Turkey</subfield><subfield code="z">Konya</subfield><subfield code="v">Maps.</subfield></datafield><datafield tag="913" ind1=" " ind2=" "><subfield code="1">42</subfield><subfield code="2">Printer</subfield><subfield code="5">Uncertain</subfield><subfield code="6">Full</subfield></datafield><datafield tag="949" ind1=" " ind2=" "><subfield code="a">MAPS 32A-62-1</subfield></datafield><datafield tag="951" ind1=" " ind2=" "><subfield code="a">409</subfield></datafield><datafield tag="999" ind1=" " ind2=" "><subfield code="a">MAP</subfield></datafield></record>