<record><leader>01299nem a2200277 a 4500</leader><controlfield tag="001">991000096619702696</controlfield><controlfield tag="005">20170202120804.0</controlfield><controlfield tag="008">051118s1939    xx            001 0 eng u</controlfield><datafield tag="035" ind1=" " ind2=" "><subfield code="a">(IL-JeALB)10262-972ai_inst</subfield></datafield><datafield tag="035" ind1=" " ind2=" "><subfield code="a">10262</subfield><subfield code="9">ExL</subfield></datafield><datafield tag="035" ind1=" " ind2=" "><subfield code="a">map00000055</subfield></datafield><datafield tag="037" ind1=" " ind2=" "><subfield code="c">10 Syrian pounds</subfield><subfield code="d">purchased Oct 18 1951.</subfield><subfield code="n">5 out of 6 sheets were purchased at the time (the 6th was not available), but only 4 sheets were present in 2004 for Leonora's indexing. Still missing in May 2010.</subfield></datafield><datafield tag="110" ind1="1" ind2=" "><subfield code="a">Bureau Topographique des Troupes du Levant</subfield></datafield><datafield tag="245" ind1="1" ind2="0"><subfield code="a">Levant 1:500,000 :</subfield><subfield code="b">Syrie &amp; Liban.</subfield><subfield code="h">[map]</subfield></datafield><datafield tag="255" ind1=" " ind2=" "><subfield code="a">Scale 1:500,000.</subfield></datafield><datafield tag="260" ind1=" " ind2=" "><subfield code="b">Bureau Topographique des Troupes du Levant,</subfield><subfield code="c">1939.</subfield></datafield><datafield tag="300" ind1=" " ind2=" "><subfield code="a">1 map on 4 sheets (of 6) ;</subfield><subfield code="c">73 x 52.5 cm., on 4 sheets 84 x 63 cm.</subfield></datafield><datafield tag="505" ind1=" " ind2=" "><subfield code="a">Sheet numbers: Flle.1. [Alep]--Flle.2. [Meskene]--Flle.5. [Palmyre]--Flle.6. [Abou Kemal].</subfield></datafield><datafield tag="506" ind1=" " ind2=" "><subfield code="a">May require conservation work before use.</subfield></datafield><datafield tag="651" ind1=" " ind2="0"><subfield code="a">Asia</subfield><subfield code="z">Middle East</subfield><subfield code="z">Syria</subfield><subfield code="v">Maps.</subfield></datafield><datafield tag="651" ind1=" " ind2="0"><subfield code="a">Asia</subfield><subfield code="z">Middle East</subfield><subfield code="z">Lebanon</subfield><subfield code="v">Maps.</subfield></datafield><datafield tag="720" ind1="2" ind2=" "><subfield code="a">Institut Geographique National</subfield><subfield code="e">, printer</subfield></datafield><datafield tag="913" ind1=" " ind2=" "><subfield code="1">66</subfield><subfield code="2">Publisher</subfield><subfield code="3">Printer</subfield><subfield code="5">Uncertain</subfield><subfield code="6">Full</subfield></datafield><datafield tag="949" ind1=" " ind2=" "><subfield code="a">MAPS 38-39-1,-2,-5,-6</subfield></datafield><datafield tag="951" ind1=" " ind2=" "><subfield code="a">264 (Flle.1), 265 (Flle.2), 266 (Flle.5), 208 (Flle.6). Inventory no. for map item 6530.</subfield></datafield><datafield tag="999" ind1=" " ind2=" "><subfield code="a">MAP</subfield></datafield></record>