<record><leader>01336nem a2200301 a 4500</leader><controlfield tag="001">991000096629702696</controlfield><controlfield tag="005">20170202120804.0</controlfield><controlfield tag="008">051118s1794    xxk       a   r 1   eng c</controlfield><datafield tag="035" ind1=" " ind2=" "><subfield code="a">(IL-JeALB)10263-972ai_inst</subfield></datafield><datafield tag="035" ind1=" " ind2=" "><subfield code="a">10263</subfield><subfield code="9">ExL</subfield></datafield><datafield tag="035" ind1=" " ind2=" "><subfield code="a">map00000033</subfield></datafield><datafield tag="110" ind1="1" ind2=" "><subfield code="a">Laurie &amp; Whittle</subfield></datafield><datafield tag="245" ind1="1" ind2="2"><subfield code="a">A New Map of Turkey in Europe divided into all its provinces; with the adjacent countries in Europe and Asia :</subfield><subfield code="b">drawn chiefly from the maps published by the Imperial Academy of St. Petersburg.</subfield><subfield code="h">[map]</subfield></datafield><datafield tag="255" ind1=" " ind2=" "><subfield code="a">Graphical scale bar: 8.8 cm. = 150 British miIes.</subfield></datafield><datafield tag="260" ind1=" " ind2=" "><subfield code="a">London :</subfield><subfield code="b">Laurie &amp; Whittle,</subfield><subfield code="c">1794.</subfield></datafield><datafield tag="300" ind1=" " ind2=" "><subfield code="a">1 map on 1 sheet ;</subfield><subfield code="c">61 x 60 cm. on sheet 64 x 72 cm.</subfield></datafield><datafield tag="500" ind1=" " ind2=" "><subfield code="a">Sheet is stamped with Clarence Fisher's stamp on verso.</subfield></datafield><datafield tag="506" ind1=" " ind2=" "><subfield code="a">May require conservation work before use.</subfield></datafield><datafield tag="530" ind1=" " ind2=" "><subfield code="a">Library also has a digitized version of this map on CD (Z692.M3A4).</subfield></datafield><datafield tag="530" ind1=" " ind2=" "><subfield code="a">Digitized version also available online on the AIAR website:</subfield><subfield code="u">http://www.aiar.org/wp-content/uploads/2015/01/A_new_map_of_Turkey_in_Europe_divided_into.pdf</subfield></datafield><datafield tag="651" ind1=" " ind2="0"><subfield code="a">Europe</subfield><subfield code="z">Balkans</subfield><subfield code="v">Maps.</subfield></datafield><datafield tag="651" ind1=" " ind2="0"><subfield code="a">Europe</subfield><subfield code="z">Greece</subfield><subfield code="v">Maps.</subfield></datafield><datafield tag="651" ind1=" " ind2="0"><subfield code="a">Europe</subfield><subfield code="z">Cyprus</subfield><subfield code="v">Maps.</subfield></datafield><datafield tag="651" ind1=" " ind2="0"><subfield code="a">Asia</subfield><subfield code="z">Turkey</subfield><subfield code="z">Asia Minor</subfield><subfield code="v">Maps.</subfield></datafield><datafield tag="913" ind1=" " ind2=" "><subfield code="1">43</subfield><subfield code="2">Publisher</subfield><subfield code="5">Uncertain</subfield><subfield code="6">Full</subfield></datafield><datafield tag="949" ind1=" " ind2=" "><subfield code="a">MAPS 32-79-1</subfield></datafield><datafield tag="951" ind1=" " ind2=" "><subfield code="a">51</subfield></datafield><datafield tag="999" ind1=" " ind2=" "><subfield code="a">MAP</subfield></datafield></record>