<record><leader>01531nem a2200325 a 4500</leader><controlfield tag="001">991000096639702696</controlfield><controlfield tag="005">20170606201056.0</controlfield><controlfield tag="008">051118n        xx        a    01   eng u</controlfield><datafield tag="035" ind1=" " ind2=" "><subfield code="a">(IL-JeALB)10264-972ai_inst</subfield></datafield><datafield tag="035" ind1=" " ind2=" "><subfield code="a">10264</subfield><subfield code="9">ExL</subfield></datafield><datafield tag="035" ind1=" " ind2=" "><subfield code="a">map00000028</subfield></datafield><datafield tag="100" ind1="1" ind2=" "><subfield code="a">[Wells], E</subfield></datafield><datafield tag="245" ind1="1" ind2="2"><subfield code="a">A New Map of Turky in Europe and parts adjoyning shewing their principal divisions and chiefe cities, towns, rivers, mountains &amp;c. Dedicated to His Highness William Duke of Glocester.</subfield><subfield code="h">[map]</subfield></datafield><datafield tag="246" ind1="3" ind2="1"><subfield code="a">A New Map of Turkey in Europe and parts adjoining showing their principal divisions and chief cities, towns, rivers, mountains etc. Dedicated to His Highness William Duke of Gloucester.</subfield></datafield><datafield tag="255" ind1=" " ind2=" "><subfield code="a">Graphical scale bar: 9.7 cm. = 240 English miles.</subfield></datafield><datafield tag="260" ind1=" " ind2=" "><subfield code="c">[17--]</subfield></datafield><datafield tag="300" ind1=" " ind2=" "><subfield code="a">1 map on 1 sheet ;</subfield><subfield code="c">36 x 48.2 cm. on sheet 45 x 54 cm.</subfield></datafield><datafield tag="500" ind1=" " ind2=" "><subfield code="a">Map no. 19 from Wells' atlas.</subfield></datafield><datafield tag="500" ind1=" " ind2=" "><subfield code="a">Sheet is stamped with Clarence Fisher's stamp on verso.</subfield></datafield><datafield tag="506" ind1=" " ind2=" "><subfield code="a">Will require conservation work before use.</subfield></datafield><datafield tag="530" ind1=" " ind2=" "><subfield code="a">Library also has a digitized version of this map on CD (Z692.M3A4).</subfield></datafield><datafield tag="530" ind1=" " ind2=" "><subfield code="a">Digitized version also available online on the AIAR website:</subfield><subfield code="u">http://www.aiar.org/wp-content/uploads/2015/01/A_new_map-of_Turky_in_Europe_and_parts_adjoining.pdf</subfield></datafield><datafield tag="651" ind1=" " ind2="0"><subfield code="a">Europe</subfield><subfield code="z">Balkans</subfield><subfield code="v">Maps.</subfield></datafield><datafield tag="651" ind1=" " ind2="0"><subfield code="a">Europe</subfield><subfield code="z">Greece</subfield><subfield code="v">Maps.</subfield></datafield><datafield tag="651" ind1=" " ind2="0"><subfield code="a">Asia</subfield><subfield code="z">Asia Minor</subfield><subfield code="v">Maps.</subfield></datafield><datafield tag="700" ind1="1" ind2=" "><subfield code="a">Smith, E</subfield><subfield code="e">, engraver.</subfield></datafield><datafield tag="913" ind1=" " ind2=" "><subfield code="1">38</subfield><subfield code="5">Uncertain</subfield><subfield code="6">Full</subfield></datafield><datafield tag="949" ind1=" " ind2=" "><subfield code="a">MAPS 32-69-1</subfield></datafield><datafield tag="951" ind1=" " ind2=" "><subfield code="a">69</subfield></datafield><datafield tag="999" ind1=" " ind2=" "><subfield code="a">MAP</subfield></datafield></record>