<record><leader>02148nem a2200301 a 4500</leader><controlfield tag="001">991000096649702696</controlfield><controlfield tag="005">20170202120804.0</controlfield><controlfield tag="008">051118s1884    xx            001 0 eng u</controlfield><datafield tag="035" ind1=" " ind2=" "><subfield code="a">(IL-JeALB)10265-972ai_inst</subfield></datafield><datafield tag="035" ind1=" " ind2=" "><subfield code="a">10265</subfield><subfield code="9">ExL</subfield></datafield><datafield tag="035" ind1=" " ind2=" "><subfield code="a">map00000027</subfield></datafield><datafield tag="100" ind1="1" ind2=" "><subfield code="a">Kiepert, Heinrich,</subfield><subfield code="d">1818-1899</subfield></datafield><datafield tag="245" ind1="1" ind2="0"><subfield code="a">Nouvelle Carte generale des provinces asiatiques de l'Empire Ottoman (sans l'Arabie) /</subfield><subfield code="c">dresse par Henri Kiepert, Berlin 1883; Dietrich Reimer, diteur, 1884.</subfield><subfield code="h">[map]</subfield></datafield><datafield tag="255" ind1=" " ind2=" "><subfield code="a">Scale 1:1,500,000.</subfield></datafield><datafield tag="260" ind1=" " ind2=" "><subfield code="a">Berlin :</subfield><subfield code="b">Dietrich Reimer,</subfield><subfield code="c">1884.</subfield></datafield><datafield tag="300" ind1=" " ind2=" "><subfield code="a">1 map on 1 sheet :</subfield><subfield code="b">col., mounted on cloth backing ;</subfield><subfield code="c">96 x 155.5 cm. on sheet 104 x 165 cm.</subfield></datafield><datafield tag="500" ind1=" " ind2=" "><subfield code="a">The map is gauzed and folded with printed paper wrappers mounted on the first and last segments. The date 1884 is on the map surface, but this copy may have been reissued later since the date 'XI.98' appears on the lower right hand corner of the printed wrapper. This very interesting map is based on information supplied by both scholar-travellers and engineers working for the various railways being constructed at the time in Asia Minor and Palestine. Kiepert specifically refers to Messrs Purser, Pressel and Briot, working for English, Austrian and Ottoman companies respectively, to Mr. Humann of Smyrna, and to the scholar Ramsay, well known for his many expeditions in Asia Minor, to Benndorf, Niemann, and Petersen, to Hartmann and Wunsch, and to the expedition he himself made in 1870.</subfield></datafield><datafield tag="500" ind1=" " ind2=" "><subfield code="a">For further information about this map, see also http://cartomed.mmsh.univ-aix.fr/notices_EN/N08.html</subfield></datafield><datafield tag="506" ind1=" " ind2=" "><subfield code="a">Will require conservation work before use.</subfield></datafield><datafield tag="546" ind1=" " ind2=" "><subfield code="a">French. Includes glossary in Greek, Turkish, Arabic, and Persian.</subfield></datafield><datafield tag="651" ind1=" " ind2="0"><subfield code="a">Asia</subfield><subfield code="z">Turkey</subfield><subfield code="v">Maps.</subfield></datafield><datafield tag="651" ind1=" " ind2="0"><subfield code="a">Asia</subfield><subfield code="z">Middle East</subfield><subfield code="v">Maps.</subfield></datafield><datafield tag="856" ind1="4" ind2="1"><subfield code="u">http://www.wdl.org/en/item/11734/</subfield><subfield code="z">Various display formats, from the World Digital Library.</subfield></datafield><datafield tag="856" ind1="4" ind2="2"><subfield code="u">http://nla.gov.au/nla.map-rm232</subfield><subfield code="z">The 1917 edition, digitized by the National Library of Australia.</subfield></datafield><datafield tag="913" ind1=" " ind2=" "><subfield code="1">37</subfield><subfield code="2">Publisher</subfield><subfield code="5">Uncertain</subfield><subfield code="6">Full</subfield></datafield><datafield tag="949" ind1=" " ind2=" "><subfield code="a">MAPS 32-98-1</subfield></datafield><datafield tag="951" ind1=" " ind2=" "><subfield code="a">336</subfield></datafield><datafield tag="999" ind1=" " ind2=" "><subfield code="a">MAP</subfield></datafield></record>