<record><leader>01132nem a2200265 a 4500</leader><controlfield tag="001">991000096659702696</controlfield><controlfield tag="005">20170202120804.0</controlfield><controlfield tag="008">051118s1950    xx            001 0 eng u</controlfield><datafield tag="035" ind1=" " ind2=" "><subfield code="a">(IL-JeALB)10266-972ai_inst</subfield></datafield><datafield tag="035" ind1=" " ind2=" "><subfield code="a">10266</subfield><subfield code="9">ExL</subfield></datafield><datafield tag="035" ind1=" " ind2=" "><subfield code="a">map00000038</subfield></datafield><datafield tag="110" ind1="1" ind2=" "><subfield code="a">Istituto Geografico Militare</subfield></datafield><datafield tag="245" ind1="1" ind2="0"><subfield code="a">Palermo.</subfield><subfield code="h">[map]</subfield></datafield><datafield tag="255" ind1=" " ind2=" "><subfield code="a">Scale 1:1,000,000.</subfield></datafield><datafield tag="260" ind1=" " ind2=" "><subfield code="b">Istituto Geografico Militare,</subfield><subfield code="c">[ca.1950]</subfield></datafield><datafield tag="300" ind1=" " ind2=" "><subfield code="a">1 map on 1 sheet ;</subfield><subfield code="c">46 x 54 cm. on sheet 64 x 63 cm.</subfield></datafield><datafield tag="500" ind1=" " ind2=" "><subfield code="a">'Documenti Utilizzati. I tipi dei fogli della Carta Internazionale del Mondo al Milionesimo in parte modificati.'</subfield></datafield><datafield tag="500" ind1=" " ind2=" "><subfield code="a">This is sheet N.J.33 from a larger map, updated from Carta Internazionale del Mondo al 1,000,000, 1926 (33-NK-32,-33), 2 sheets of which are also held by the Albright library. The 3 sheets are stored together.</subfield></datafield><datafield tag="500" ind1=" " ind2=" "><subfield code="a">Sheet is stamped with Clarence Fisher's stamp on verso.</subfield></datafield><datafield tag="506" ind1=" " ind2=" "><subfield code="a">May require conservation work before use.</subfield></datafield><datafield tag="651" ind1=" " ind2="0"><subfield code="a">Europe</subfield><subfield code="z">Italy</subfield><subfield code="z">Sicily</subfield><subfield code="z">Palermo</subfield><subfield code="v">Maps.</subfield></datafield><datafield tag="913" ind1=" " ind2=" "><subfield code="1">48</subfield><subfield code="2">Publisher</subfield><subfield code="5">Uncertain</subfield><subfield code="6">Full</subfield></datafield><datafield tag="949" ind1=" " ind2=" "><subfield code="a">MAPS 33-NJ-33</subfield></datafield><datafield tag="951" ind1=" " ind2=" "><subfield code="a">406</subfield></datafield><datafield tag="999" ind1=" " ind2=" "><subfield code="a">MAP</subfield></datafield></record>