<record><leader>01259nem a2200277 a 4500</leader><controlfield tag="001">991000096669702696</controlfield><controlfield tag="005">20170202120804.0</controlfield><controlfield tag="008">051118s1956    xx            001 0 eng u</controlfield><datafield tag="035" ind1=" " ind2=" "><subfield code="a">(IL-JeALB)10267-972ai_inst</subfield></datafield><datafield tag="035" ind1=" " ind2=" "><subfield code="a">10267</subfield><subfield code="9">ExL</subfield></datafield><datafield tag="035" ind1=" " ind2=" "><subfield code="a">map00000021</subfield></datafield><datafield tag="110" ind1="1" ind2=" "><subfield code="a">Survey of Palestine</subfield></datafield><datafield tag="245" ind1="1" ind2="0"><subfield code="a">Palestine 1:100,000 [1956-1967]</subfield><subfield code="h">[map]</subfield></datafield><datafield tag="255" ind1=" " ind2=" "><subfield code="a">Scale 1:100,000.</subfield></datafield><datafield tag="260" ind1=" " ind2=" "><subfield code="b">Israel. Survey of Israel,</subfield><subfield code="c">1956-1967.</subfield></datafield><datafield tag="300" ind1=" " ind2=" "><subfield code="a">1 map on 13 (of ?16) sheets ;</subfield><subfield code="c">44.3 x 56.4 cm. or smaller, on 13 sheets 70 x 52 cm. or smaller.</subfield></datafield><datafield tag="500" ind1=" " ind2=" "><subfield code="a">Based on maps compiled by the Survey of Palestine.</subfield></datafield><datafield tag="505" ind1=" " ind2=" "><subfield code="a">List of sheets: 1. Metulla--2. Haifa--3. Safad--4. Zikron Ya  aqov--5. Nazareth--6. Jaffa Tel Aviv--7. Nablus--8. Yibna--11. Gaza--13. Dead Sea--14. Rafah--15. Beersheba--16. Jebel Usdum.</subfield></datafield><datafield tag="506" ind1=" " ind2=" "><subfield code="a">May require conservation work before use.</subfield></datafield><datafield tag="546" ind1=" " ind2=" "><subfield code="a">English and Hebrew.</subfield></datafield><datafield tag="595" ind1=" " ind2=" "><subfield code="a">Sheet sizes: Sheet 1, 70 x 52 cm.; Sheets 2-8, 11, 13-16, 61 x 49 cm.</subfield></datafield><datafield tag="651" ind1=" " ind2="0"><subfield code="a">Asia</subfield><subfield code="z">Middle East</subfield><subfield code="z">Israel</subfield><subfield code="v">Maps.</subfield></datafield><datafield tag="913" ind1=" " ind2=" "><subfield code="1">30</subfield><subfield code="2">Publisher</subfield><subfield code="5">Uncertain</subfield><subfield code="6">Uncertain</subfield></datafield><datafield tag="949" ind1=" " ind2=" "><subfield code="a">MAPS 23B-58-1-8, 11, 13-16</subfield></datafield><datafield tag="953" ind1=" " ind2=" "><subfield code="a">Was CM25.P175, and the first part of   1:100,000, MAPS 23B-58-17,-20, -21, -23, -24.</subfield></datafield><datafield tag="999" ind1=" " ind2=" "><subfield code="a">MAP</subfield></datafield></record>