<record><leader>02713nem a2200325 a 4500</leader><controlfield tag="001">991000096679702696</controlfield><controlfield tag="005">20170202120804.0</controlfield><controlfield tag="008">051118s1917    xx            001 0 eng u</controlfield><datafield tag="035" ind1=" " ind2=" "><subfield code="a">(IL-JeALB)10268-972ai_inst</subfield></datafield><datafield tag="035" ind1=" " ind2=" "><subfield code="a">10268</subfield><subfield code="9">ExL</subfield></datafield><datafield tag="035" ind1=" " ind2=" "><subfield code="a">map00000059</subfield></datafield><datafield tag="110" ind1="2" ind2=" "><subfield code="a">Palestine Exploration Fund.</subfield></datafield><datafield tag="245" ind1="1" ind2="0"><subfield code="a">Palestine Exploration Fund Map.</subfield><subfield code="h">[map]</subfield></datafield><datafield tag="250" ind1=" " ind2=" "><subfield code="a">Second edition, 3rd edition.</subfield></datafield><datafield tag="255" ind1=" " ind2=" "><subfield code="a">Scale 1:63,360 (one inch to a statute mile).</subfield></datafield><datafield tag="260" ind1=" " ind2=" "><subfield code="b">Survey of Egypt,</subfield><subfield code="c">1917-1918.</subfield></datafield><datafield tag="300" ind1=" " ind2=" "><subfield code="a">1 map on 21 sheets (of 26?) ;</subfield><subfield code="c">46.5 x 77 cm. or smaller, on 21 sheets 57 x 80 cm. or smaller.</subfield></datafield><datafield tag="500" ind1=" " ind2=" "><subfield code="a">Surveyed by C.R.Conder &amp; H.H.Kitchener, 1878. Reproduced by the Survey of Egypt, 1917-1918.</subfield></datafield><datafield tag="500" ind1=" " ind2=" "><subfield code="a">The Albright library has 2 copies of sheets XVII [Jerusalem] and XVIII [Jericho].</subfield></datafield><datafield tag="500" ind1=" " ind2=" "><subfield code="a">Sheet 16 and the duplicates of 17 and 18 have had their margins cut away.</subfield></datafield><datafield tag="505" ind1=" " ind2=" "><subfield code="a">The sheets are untitled, but titles have been added in manuscript. Sheets: I [Tyre] -- III [Acre] -- IV [Safed] -- V [Haifa] -- VII &amp; VIII [Jenin] -- IX [Beisan] -- X [Kfar Saba] -- XI [Nablus] -- XII [Tubas] -- XIII [Jaffa] -- XIV [Shiloh] -- XV [Akrabeh] -- [XVI Ashdod] -- XVII [Jerusalem] -- XVIII [Jericho] -- XIX [Gaza] -- XXI [Hebron] -- XXII [Ein Gedi] -- XXIII [Wady Shuzzeh] -- Parts of XXIII, XXIV, XXV [Beersheba] -- XXVI-XXVI [Tel Arad].</subfield></datafield><datafield tag="506" ind1=" " ind2=" "><subfield code="a">May require conservation work before use.</subfield></datafield><datafield tag="530" ind1=" " ind2=" "><subfield code="a">Digitized version, photography by Ardon Bar-Hama courtesy of George Blumenthal, also available online on the AIAR website. See sheet links at:</subfield><subfield code="u">http://www.aiar.org/wp-content/uploads/2015/02/PalestineExplorationFund1917-18.pdf</subfield></datafield><datafield tag="530" ind1=" " ind2=" "><subfield code="a">Digitized version also available from the Albright CD collection (GA1321.B3).</subfield></datafield><datafield tag="595" ind1=" " ind2=" "><subfield code="a">Sheet sizes: I, 57 x 40 cm.; III, 71 x 56 cm.; IV, 71 x 56 cm.; V, 71 x 56 cm.; VII/VIII, 78 x 57 cm.; IX, 71 x 54 cm.; X, 56 x 39 cm.; XI, 71 x 57 cm.; XII, 71 x 57 cm.; XIII, 71 x 57 cm.; XIV, 71 x 57 cm.; XV, 71 x 57 cm.; XVI, 66 x 52 cm.; XVII, 71 x 57 cm.; XVIII, 73 x 56 cm.; XIX, 71 x 57 cm.; XXI, 71 x 57 cm.; XXII, 73 x 57 cm.; XXIII, 73 x 57 cm.; XXIII/XXIV/XXV, 80 x 57 cm.; XXVI-XXVI, 79 x 56 cm.</subfield></datafield><datafield tag="651" ind1=" " ind2="0"><subfield code="a">Asia</subfield><subfield code="z">Middle East</subfield><subfield code="z">Palestine</subfield><subfield code="v">Maps.</subfield></datafield><datafield tag="913" ind1=" " ind2=" "><subfield code="1">70</subfield><subfield code="2">Publisher</subfield><subfield code="5">Uncertain</subfield><subfield code="6">Full</subfield></datafield><datafield tag="949" ind1=" " ind2=" "><subfield code="a">MAPS 21-17-1 - 21-17-25/26</subfield></datafield><datafield tag="951" ind1=" " ind2=" "><subfield code="a">117 (sh. I); 118 (sh. III); 119 (sh. IV); 362 (sh. V); 120 (sh. VII, VIII); 121 (sh. IX); 122 (sh. X); 123 (sh. XI); 124 (sh. XII); 125 (sh. XIII); 126 (sh. XIV); 127 (sh. XV); 381 (sh. [XVI); 128, [c. 1 363] (sh. XVII); 47 [c. 1 383] (sh. XVIII); 46 (sh. XIX); 382 (sh. XXI); 48 (sh. XXII); 49 (sh. XXIII); 97 (sh. XXIII, XXIV, XXV); 50 (sh. XXVI-XXVI).</subfield></datafield><datafield tag="999" ind1=" " ind2=" "><subfield code="a">MAP</subfield></datafield></record>