<record><leader>01412nem a2200325 a 4500</leader><controlfield tag="001">991000096689702696</controlfield><controlfield tag="005">20170607062029.0</controlfield><controlfield tag="008">051118s1898    xx        a   001   eng u</controlfield><datafield tag="035" ind1=" " ind2=" "><subfield code="a">(IL-JeALB)10269-972ai_inst</subfield></datafield><datafield tag="035" ind1=" " ind2=" "><subfield code="a">10269</subfield><subfield code="9">ExL</subfield></datafield><datafield tag="035" ind1=" " ind2=" "><subfield code="a">map00000067</subfield></datafield><datafield tag="100" ind1="1" ind2=" "><subfield code="a">Schick, Conrad</subfield></datafield><datafield tag="245" ind1="1" ind2="0"><subfield code="a">Plan der Heiligen Grabeskirche und Umgebung.</subfield><subfield code="h">[map]</subfield></datafield><datafield tag="255" ind1=" " ind2=" "><subfield code="a">Scale 1:532.</subfield></datafield><datafield tag="260" ind1=" " ind2=" "><subfield code="a">Leipzig :</subfield><subfield code="b">Deutsche Palaestina Verein,</subfield><subfield code="b">K. Baedeker,</subfield><subfield code="c">1898</subfield></datafield><datafield tag="300" ind1=" " ind2=" "><subfield code="a">1 map on 1 sheet ;</subfield><subfield code="c">26 x 33.5 cm. on sheet 37 x 44 cm.</subfield></datafield><datafield tag="500" ind1=" " ind2=" "><subfield code="a">'Untersucht, gemessen &amp; gezeichnet von Baurath C. Schick in Jerusalem, 1885. Mit Nachtrgen von Pfarrer C. Mommert 1898'.</subfield></datafield><datafield tag="500" ind1=" " ind2=" "><subfield code="a">Mounted on cloth-edged boards.</subfield></datafield><datafield tag="506" ind1=" " ind2=" "><subfield code="a">May require conservation work before use.</subfield></datafield><datafield tag="530" ind1=" " ind2=" "><subfield code="a">Digitized version, photography by Ardon Bar-Hama courtesy of George Blumenthal, available online on the AIAR website at:</subfield><subfield code="u">http://www.aiar.org/wp-content/uploads/2015/01/Schick-1885.pdf</subfield></datafield><datafield tag="530" ind1=" " ind2=" "><subfield code="a">Digitized version also available from the Albright CD collection (GA1321.B3).</subfield></datafield><datafield tag="546" ind1=" " ind2=" "><subfield code="a">German.</subfield></datafield><datafield tag="651" ind1=" " ind2="0"><subfield code="a">Asia</subfield><subfield code="z">Middle East</subfield><subfield code="z">Jerusalem</subfield><subfield code="v">Maps.</subfield></datafield><datafield tag="700" ind1="1" ind2=" "><subfield code="a">Mommert, Carl,</subfield><subfield code="e">scientific editor</subfield></datafield><datafield tag="720" ind1="2" ind2=" "><subfield code="a">Wagner &amp; Debes, Leipzig</subfield><subfield code="e">, printer.</subfield></datafield><datafield tag="720" ind1="2" ind2=" "><subfield code="a">Baedeker, Karl</subfield><subfield code="e">, commanditaire</subfield></datafield><datafield tag="913" ind1=" " ind2=" "><subfield code="1">79</subfield><subfield code="2">Publisher</subfield><subfield code="3">Publisher</subfield><subfield code="4">Printer</subfield><subfield code="5">Uncertain</subfield><subfield code="6">Full</subfield></datafield><datafield tag="949" ind1=" " ind2=" "><subfield code="a">MAPS 24-98-1</subfield></datafield><datafield tag="951" ind1=" " ind2=" "><subfield code="a">174</subfield></datafield><datafield tag="999" ind1=" " ind2=" "><subfield code="a">MAP</subfield></datafield></record>