<record><leader>00909nem a2200253 a 4500</leader><controlfield tag="001">991000096699702696</controlfield><controlfield tag="005">20170202120804.0</controlfield><controlfield tag="008">051118s1896    xx            001 0 eng u</controlfield><datafield tag="035" ind1=" " ind2=" "><subfield code="a">(IL-JeALB)10270-972ai_inst</subfield></datafield><datafield tag="035" ind1=" " ind2=" "><subfield code="a">10270</subfield><subfield code="9">ExL</subfield></datafield><datafield tag="035" ind1=" " ind2=" "><subfield code="a">map00000062</subfield></datafield><datafield tag="100" ind1="1" ind2=" "><subfield code="a">Duthoit, Maud A</subfield><subfield code="e">, compiler.</subfield></datafield><datafield tag="245" ind1="1" ind2="0"><subfield code="a">Plan of Jerusalem in the time of Our Lord.</subfield><subfield code="h">[map]</subfield></datafield><datafield tag="255" ind1=" " ind2=" "><subfield code="a">Scale not given.</subfield></datafield><datafield tag="260" ind1=" " ind2=" "><subfield code="a">London :</subfield><subfield code="b">Religious Tract Society,</subfield><subfield code="c">[1896?]</subfield></datafield><datafield tag="300" ind1=" " ind2=" "><subfield code="a">1 map on 1 sheet ;</subfield><subfield code="c">76.5 x 75 cm. on sheet 87 x 83 cm.</subfield></datafield><datafield tag="500" ind1=" " ind2=" "><subfield code="a">With an introductory note by Lt.-Col. Claude Conder, of the Palestine Exploration Society.</subfield></datafield><datafield tag="506" ind1=" " ind2=" "><subfield code="a">May require conservation work before use.</subfield></datafield><datafield tag="651" ind1=" " ind2="0"><subfield code="a">Asia</subfield><subfield code="z">Middle East</subfield><subfield code="z">Jerusalem</subfield><subfield code="v">Maps.</subfield></datafield><datafield tag="720" ind1="2" ind2=" "><subfield code="a">George Philip &amp; Son, London</subfield><subfield code="e">, printer</subfield></datafield><datafield tag="913" ind1=" " ind2=" "><subfield code="1">74</subfield><subfield code="2">Publisher</subfield><subfield code="3">Printer</subfield><subfield code="5">Uncertain</subfield><subfield code="6">Full</subfield></datafield><datafield tag="949" ind1=" " ind2=" "><subfield code="a">MAPS 24-96-1</subfield></datafield><datafield tag="951" ind1=" " ind2=" "><subfield code="a">102</subfield></datafield><datafield tag="999" ind1=" " ind2=" "><subfield code="a">MAP</subfield></datafield></record>