<record><leader>01066nem a2200277 a 4500</leader><controlfield tag="001">991000096709702696</controlfield><controlfield tag="005">20190115060237.0</controlfield><controlfield tag="008">051118s1915    xx            001 0 eng u</controlfield><datafield tag="035" ind1=" " ind2=" "><subfield code="a">(IL-JeALB)10271-972ai_inst</subfield></datafield><datafield tag="035" ind1=" " ind2=" "><subfield code="a">10271</subfield><subfield code="9">ExL</subfield></datafield><datafield tag="035" ind1=" " ind2=" "><subfield code="a">map00000047</subfield></datafield><datafield tag="110" ind1="1" ind2=" "><subfield code="a">British War Office</subfield></datafield><datafield tag="245" ind1="1" ind2="0"><subfield code="a">Sinai Peninsula 1:250,000.</subfield><subfield code="h">[map]</subfield></datafield><datafield tag="255" ind1=" " ind2=" "><subfield code="a">Scale 1:250,000.</subfield></datafield><datafield tag="260" ind1=" " ind2=" "><subfield code="b">British War Office,</subfield><subfield code="c">1915.</subfield></datafield><datafield tag="300" ind1=" " ind2=" "><subfield code="a">1 map on 4 sheets ;</subfield><subfield code="c">46.5 x 64 cm., on 4 sheets 62 x 75 cm. or smaller.</subfield></datafield><datafield tag="500" ind1=" " ind2=" "><subfield code="a">Geographical Section, General Staff, No. 2761 = GSGS series 2761.</subfield></datafield><datafield tag="505" ind1="8" ind2=" "><subfield code="a">Sheets: 1. Port Said -- 2. Rafa -- 3. Suez -- 4. Akaba.</subfield></datafield><datafield tag="506" ind1=" " ind2=" "><subfield code="a">May require conservation work before use.</subfield></datafield><datafield tag="546" ind1=" " ind2=" "><subfield code="a">English.</subfield></datafield><datafield tag="595" ind1=" " ind2=" "><subfield code="a">Sheet sizes: Sheets 1, 3, 4, 62 x 75 cm. Sheet 2, 62 x 70 cm. (5 cm. strip cut off from left side).</subfield></datafield><datafield tag="651" ind1=" " ind2="0"><subfield code="a">Asia</subfield><subfield code="z">Egypt</subfield><subfield code="z">Sinai Peninsula</subfield><subfield code="v">Maps.</subfield></datafield><datafield tag="913" ind1=" " ind2=" "><subfield code="1">57</subfield><subfield code="2">Publisher</subfield><subfield code="5">Uncertain</subfield><subfield code="6">Full</subfield></datafield><datafield tag="949" ind1=" " ind2=" "><subfield code="a">MAPS 35-15-1, -2, -3, -4</subfield></datafield><datafield tag="951" ind1=" " ind2=" "><subfield code="a">176 (Port Said), 98 (Rafa), 96 (Suez), 99 (Akaba).</subfield></datafield><datafield tag="999" ind1=" " ind2=" "><subfield code="a">MAP</subfield></datafield></record>