<record><leader>00910nem a2200265 a 4500</leader><controlfield tag="001">991000096719702696</controlfield><controlfield tag="005">20170202120805.0</controlfield><controlfield tag="008">051118s1948    xx            001 0 eng u</controlfield><datafield tag="035" ind1=" " ind2=" "><subfield code="a">(IL-JeALB)10272-972ai_inst</subfield></datafield><datafield tag="035" ind1=" " ind2=" "><subfield code="a">10272</subfield><subfield code="9">ExL</subfield></datafield><datafield tag="035" ind1=" " ind2=" "><subfield code="a">map00000063</subfield></datafield><datafield tag="110" ind1="1" ind2=" "><subfield code="a">Survey of Palestine</subfield></datafield><datafield tag="245" ind1="1" ind2="0"><subfield code="a">Survey of Palestine :</subfield><subfield code="b">Jerusalem 1:10,000.</subfield><subfield code="h">[map]</subfield></datafield><datafield tag="255" ind1=" " ind2=" "><subfield code="a">Scale 1:10,000.</subfield></datafield><datafield tag="260" ind1=" " ind2=" "><subfield code="b">Israeli Army,</subfield><subfield code="c">1948.</subfield></datafield><datafield tag="300" ind1=" " ind2=" "><subfield code="a">1 map on 1 sheet ;</subfield><subfield code="c">51.5 x 52 cm. on sheet 70 x 58 cm.</subfield></datafield><datafield tag="500" ind1=" " ind2=" "><subfield code="a"> "</subfield></datafield><datafield tag="505" ind1=" " ind2=" "><subfield code="a">Sheet 2 Jerusalem from the Survey of Palestine series 1:10,000.</subfield></datafield><datafield tag="506" ind1=" " ind2=" "><subfield code="a">Will require conservation work before use.</subfield></datafield><datafield tag="546" ind1=" " ind2=" "><subfield code="a">English, Hebrew.</subfield></datafield><datafield tag="651" ind1=" " ind2="0"><subfield code="a">Asia</subfield><subfield code="z">Middle East</subfield><subfield code="z">Jerusalem</subfield><subfield code="v">Maps.</subfield></datafield><datafield tag="913" ind1=" " ind2=" "><subfield code="1">75</subfield><subfield code="2">Publisher</subfield><subfield code="5">Uncertain</subfield><subfield code="6">Full</subfield></datafield><datafield tag="949" ind1=" " ind2=" "><subfield code="a">MAPS 24-48-2</subfield></datafield><datafield tag="951" ind1=" " ind2=" "><subfield code="a">101</subfield></datafield><datafield tag="999" ind1=" " ind2=" "><subfield code="a">MAP</subfield></datafield></record>