<record><leader>00892nem a2200241 a 4500</leader><controlfield tag="001">991000096729702696</controlfield><controlfield tag="005">20170202120805.0</controlfield><controlfield tag="008">051118s1930    sy        a   r01   eng d</controlfield><datafield tag="035" ind1=" " ind2=" "><subfield code="a">(IL-JeALB)10273-972ai_inst</subfield></datafield><datafield tag="035" ind1=" " ind2=" "><subfield code="a">10273</subfield><subfield code="9">ExL</subfield></datafield><datafield tag="035" ind1=" " ind2=" "><subfield code="a">map00000058</subfield></datafield><datafield tag="245" ind1="0" ind2="0"><subfield code="a">Syria.</subfield><subfield code="h">[map]</subfield></datafield><datafield tag="255" ind1=" " ind2=" "><subfield code="a">Graphical scale bar: 9.3 cm. = 40 Kms.</subfield></datafield><datafield tag="260" ind1=" " ind2=" "><subfield code="c">[ca.1930]</subfield></datafield><datafield tag="300" ind1=" " ind2=" "><subfield code="a">1 map on 2 sheets (of ?4) ;</subfield><subfield code="c">87 x 112 cm. made up from 2 parts 87 x 56 cm. each, on 2 sheets 106 x 65 cm.</subfield></datafield><datafield tag="500" ind1=" " ind2=" "><subfield code="a">This map was made on separate sheets intended to be joined together. It probably lacks two sheets. The sheets are not numbered or titled.</subfield></datafield><datafield tag="505" ind1="0" ind2=" "><subfield code="a">[West]--[East].</subfield></datafield><datafield tag="506" ind1=" " ind2=" "><subfield code="a">May require conservation work before use.</subfield></datafield><datafield tag="651" ind1=" " ind2="0"><subfield code="a">Asia</subfield><subfield code="z">Middle East</subfield><subfield code="z">Syria</subfield><subfield code="v">Maps.</subfield></datafield><datafield tag="913" ind1=" " ind2=" "><subfield code="1">69</subfield><subfield code="5">Uncertain</subfield><subfield code="6">Full</subfield></datafield><datafield tag="949" ind1=" " ind2=" "><subfield code="a">MAPS 38-50-1,-2</subfield></datafield><datafield tag="951" ind1=" " ind2=" "><subfield code="a">187a (West), 187b (East).</subfield></datafield><datafield tag="999" ind1=" " ind2=" "><subfield code="a">MAP</subfield></datafield></record>