<record><leader>01497nem a2200289 a 4500</leader><controlfield tag="001">991000096739702696</controlfield><controlfield tag="005">20170202120805.0</controlfield><controlfield tag="008">051118s1915    sz        a   r01   eng u</controlfield><datafield tag="035" ind1=" " ind2=" "><subfield code="a">(IL-JeALB)10274-972ai_inst</subfield></datafield><datafield tag="035" ind1=" " ind2=" "><subfield code="a">10274</subfield><subfield code="9">ExL</subfield></datafield><datafield tag="035" ind1=" " ind2=" "><subfield code="a">map00000048</subfield></datafield><datafield tag="110" ind1="1" ind2=" "><subfield code="a">British War Office</subfield></datafield><datafield tag="245" ind1="1" ind2="0"><subfield code="a">Syria 1:250,000.</subfield><subfield code="h">[map]</subfield></datafield><datafield tag="255" ind1=" " ind2=" "><subfield code="a">Scale 1:250,000.</subfield></datafield><datafield tag="260" ind1=" " ind2=" "><subfield code="b">British War Office,</subfield><subfield code="c">1915-1918.</subfield></datafield><datafield tag="300" ind1=" " ind2=" "><subfield code="a">1 map on 5 sheets ;</subfield><subfield code="c">58 x 88 cm. or smaller, on 17 sheets 70 x 91 cm. or smaller.</subfield></datafield><datafield tag="500" ind1=" " ind2=" "><subfield code="a">The sheets are titled but not numbered. The Albright Library has duplicates of all sheets except for Haifa.</subfield></datafield><datafield tag="500" ind1=" " ind2=" "><subfield code="a">Copy 1 of the Beirut sheet has newer road information, up to 7-Oct-1918, overprinted in red.</subfield></datafield><datafield tag="505" ind1="0" ind2=" "><subfield code="a">Sheets: Jerusalem (Kuds-Esh-Sharif) (1917) -- Haifa (1918) -- Beirut (1918) -- Tripoli (1918) -- Ladikiya (1915).</subfield></datafield><datafield tag="506" ind1=" " ind2=" "><subfield code="a">May require conservation work before use.</subfield></datafield><datafield tag="546" ind1=" " ind2=" "><subfield code="a">English.</subfield></datafield><datafield tag="595" ind1=" " ind2=" "><subfield code="a">Sheet sizes: Jerusalem, c.1 86 x 70 cm., c.2 89 x 70 cm.; Haifa, 91 x 58 cm.; Beirut, c.1 84 x 63 cm., c.2 82 x 59 cm.; Tripoli, c.1 85 x 62 cm., c.2 85 x 63 cm.; Ladikiya, c.1 78 x 67 cm., c.2 73 x 65 cm.</subfield></datafield><datafield tag="651" ind1=" " ind2="0"><subfield code="a">Asia</subfield><subfield code="z">Middle East</subfield><subfield code="v">Maps.</subfield></datafield><datafield tag="913" ind1=" " ind2=" "><subfield code="1">58</subfield><subfield code="2">Publisher</subfield><subfield code="5">Uncertain</subfield><subfield code="6">Full</subfield></datafield><datafield tag="949" ind1=" " ind2=" "><subfield code="a">MAPS 35-15-5, -6, -7, -8, -9</subfield></datafield><datafield tag="951" ind1=" " ind2=" "><subfield code="a">375 (Jerusalem c.1); 512 (Jerusalem c.2); 510 (Haifa); 511 (Beirut c.1); 251 (Beirut c.2); 509 (Tripoli c.1); 331 (Tripoli c.2); 508 (Ladikiya c.1); 330 (Ladikiya c.2).</subfield></datafield><datafield tag="999" ind1=" " ind2=" "><subfield code="a">MAP</subfield></datafield></record>