<record><leader>00945nem a2200277 a 4500</leader><controlfield tag="001">991000096759702696</controlfield><controlfield tag="005">20170202120805.0</controlfield><controlfield tag="008">051118s1942    xx            001 0 eng u</controlfield><datafield tag="035" ind1=" " ind2=" "><subfield code="a">(IL-JeALB)10276-972ai_inst</subfield></datafield><datafield tag="035" ind1=" " ind2=" "><subfield code="a">10276</subfield><subfield code="9">ExL</subfield></datafield><datafield tag="035" ind1=" " ind2=" "><subfield code="a">map00000056</subfield></datafield><datafield tag="110" ind1="1" ind2=" "><subfield code="a">Service Geographique des F.F.L.</subfield></datafield><datafield tag="245" ind1="1" ind2="0"><subfield code="a">Syrie et Liban :</subfield><subfield code="b">Carte Touristique.</subfield><subfield code="h">[map]</subfield></datafield><datafield tag="255" ind1=" " ind2=" "><subfield code="a">Scale 1:1,000,000.</subfield></datafield><datafield tag="260" ind1=" " ind2=" "><subfield code="b">Service Geographique des F.F.L.,</subfield><subfield code="c">1942.</subfield></datafield><datafield tag="300" ind1=" " ind2=" "><subfield code="a">1 map on 1 sheet ;</subfield><subfield code="c">59 x 75 cm. on sheet 63 x 84 cm.</subfield></datafield><datafield tag="500" ind1=" " ind2=" "><subfield code="a">With medallion views of tourist sites on the map surface.</subfield></datafield><datafield tag="506" ind1=" " ind2=" "><subfield code="a">May require conservation work before use.</subfield></datafield><datafield tag="546" ind1=" " ind2=" "><subfield code="a">French.</subfield></datafield><datafield tag="651" ind1=" " ind2="0"><subfield code="a">Asia</subfield><subfield code="z">Middle East</subfield><subfield code="z">Syria</subfield><subfield code="v">Maps.</subfield></datafield><datafield tag="651" ind1=" " ind2="0"><subfield code="a">Asia</subfield><subfield code="z">Middle East</subfield><subfield code="z">Lebanon</subfield><subfield code="v">Maps.</subfield></datafield><datafield tag="710" ind1=" " ind2=" "><subfield code="a">Service Geographique des Forces Franaises du Levant</subfield></datafield><datafield tag="913" ind1=" " ind2=" "><subfield code="1">67</subfield><subfield code="2">Publisher</subfield><subfield code="5">Uncertain</subfield><subfield code="6">Full</subfield></datafield><datafield tag="949" ind1=" " ind2=" "><subfield code="a">MAPS 38-42-1</subfield></datafield><datafield tag="951" ind1=" " ind2=" "><subfield code="a">268</subfield></datafield><datafield tag="999" ind1=" " ind2=" "><subfield code="a">MAP</subfield></datafield></record>