<record><leader>01284nem a2200277 a 4500</leader><controlfield tag="001">991000096769702696</controlfield><controlfield tag="005">20170202120805.0</controlfield><controlfield tag="008">051118s1965    xx            001 0 eng u</controlfield><datafield tag="035" ind1=" " ind2=" "><subfield code="a">(IL-JeALB)10277-972ai_inst</subfield></datafield><datafield tag="035" ind1=" " ind2=" "><subfield code="a">10277</subfield><subfield code="9">ExL</subfield></datafield><datafield tag="035" ind1=" " ind2=" "><subfield code="a">map00000029</subfield></datafield><datafield tag="110" ind1="1" ind2=" "><subfield code="a">Istituto Geografico de Agostini</subfield></datafield><datafield tag="245" ind1="1" ind2="0"><subfield code="a">Trkiye 1:2,000,000.</subfield><subfield code="h">[map]</subfield></datafield><datafield tag="255" ind1=" " ind2=" "><subfield code="a">Scale 1:2,000,000.</subfield></datafield><datafield tag="260" ind1=" " ind2=" "><subfield code="a">Novara :</subfield><subfield code="b">Istituto Geografico de Agostini S. p. A.,</subfield><subfield code="c">[ca.1965]</subfield></datafield><datafield tag="300" ind1=" " ind2=" "><subfield code="a">1 map on 4 double-page sheets ;</subfield><subfield code="c">47 x 28.5 cm. and  29 x 47 cm., on 4 sheets 50 x 34 cm. and  34 x 51 cm.</subfield></datafield><datafield tag="500" ind1=" " ind2=" "><subfield code="a">These maps were removed from an atlas. Text on the versos of the maps indicates a printing date of c. 1965.</subfield></datafield><datafield tag="500" ind1=" " ind2=" "><subfield code="a">Sheets backed with gauze.</subfield></datafield><datafield tag="505" ind1=" " ind2=" "><subfield code="a">Sheets: H.22-H.23 Bati blgeleri -- H.24-H.25 Orta-Kuzey blgeleri -- H.26-H.27 Orta-Gney blgeleri -- H.28-H.29 Dogu blgeleri.</subfield></datafield><datafield tag="506" ind1=" " ind2=" "><subfield code="a">May require conservation work before use.</subfield></datafield><datafield tag="595" ind1=" " ind2=" "><subfield code="a">Sheet sizes: H.22-H.23, H.24-H.25, 50 x 34 cm.; H.26-H.27, H.28-H.29, 51 x 34 cm.</subfield></datafield><datafield tag="651" ind1=" " ind2="0"><subfield code="a">Asia</subfield><subfield code="z">Turkey</subfield><subfield code="v">Maps.</subfield></datafield><datafield tag="913" ind1=" " ind2=" "><subfield code="1">39</subfield><subfield code="2">Publisher</subfield><subfield code="5">Uncertain</subfield><subfield code="6">Full</subfield></datafield><datafield tag="949" ind1=" " ind2=" "><subfield code="a">MAPS 32A-65-22, -24, -26, -28</subfield></datafield><datafield tag="951" ind1=" " ind2=" "><subfield code="a">410 (H.22-H.23), 411 (H.24-H.25), 412 (H.26-H.27), 413 (H.28-H.29).</subfield></datafield><datafield tag="999" ind1=" " ind2=" "><subfield code="a">MAP</subfield></datafield></record>