<record><leader>00897nem a2200277 a 4500</leader><controlfield tag="001">991000096779702696</controlfield><controlfield tag="005">20170202120805.0</controlfield><controlfield tag="008">051118s1750    xx            001 0 eng u</controlfield><datafield tag="035" ind1=" " ind2=" "><subfield code="a">(IL-JeALB)10278-972ai_inst</subfield></datafield><datafield tag="035" ind1=" " ind2=" "><subfield code="a">10278</subfield><subfield code="9">ExL</subfield></datafield><datafield tag="035" ind1=" " ind2=" "><subfield code="a">map00000036</subfield></datafield><datafield tag="100" ind1="1" ind2=" "><subfield code="a">Janvier, S</subfield></datafield><datafield tag="245" ind1="1" ind2="0"><subfield code="a">Turquie d' Europe.</subfield><subfield code="h">[map]</subfield></datafield><datafield tag="255" ind1=" " ind2=" "><subfield code="a">Graphical scale bar: 8.7 cm. = 190 Turkish miles.</subfield></datafield><datafield tag="260" ind1=" " ind2=" "><subfield code="a">Paris :</subfield><subfield code="b">Lattre,</subfield><subfield code="c">[ca.1750?]</subfield></datafield><datafield tag="300" ind1=" " ind2=" "><subfield code="a">1 map on 1 sheet ;</subfield><subfield code="c">48 x 63.5 cm. on sheet 53 x 71 cm.</subfield></datafield><datafield tag="500" ind1=" " ind2=" "><subfield code="a">Sheet is stamped with Clarence Fisher's stamp on verso.</subfield></datafield><datafield tag="506" ind1=" " ind2=" "><subfield code="a">May require conservation work before use.</subfield></datafield><datafield tag="651" ind1=" " ind2="0"><subfield code="a">Europe</subfield><subfield code="z">Balkans</subfield><subfield code="v">Maps.</subfield></datafield><datafield tag="651" ind1=" " ind2="0"><subfield code="a">Europe</subfield><subfield code="z">Greece</subfield><subfield code="v">Maps.</subfield></datafield><datafield tag="651" ind1=" " ind2="0"><subfield code="a">Europe</subfield><subfield code="z">Cyprus</subfield><subfield code="v">Maps.</subfield></datafield><datafield tag="651" ind1=" " ind2="0"><subfield code="a">Asia</subfield><subfield code="z">Turkey</subfield><subfield code="z">Asia Minor</subfield><subfield code="v">Maps.</subfield></datafield><datafield tag="913" ind1=" " ind2=" "><subfield code="1">46</subfield><subfield code="2">Publisher</subfield><subfield code="5">Uncertain</subfield><subfield code="6">Full</subfield></datafield><datafield tag="949" ind1=" " ind2=" "><subfield code="a">MAPS 32-81-1</subfield></datafield><datafield tag="951" ind1=" " ind2=" "><subfield code="a">357</subfield></datafield><datafield tag="999" ind1=" " ind2=" "><subfield code="a">MAP</subfield></datafield></record>