<record><leader>01041nem a2200253 a 4500</leader><controlfield tag="001">991000096789702696</controlfield><controlfield tag="005">20170202120805.0</controlfield><controlfield tag="008">051118s1951    xx            001 0 eng u</controlfield><datafield tag="035" ind1=" " ind2=" "><subfield code="a">(IL-JeALB)10279-972ai_inst</subfield></datafield><datafield tag="035" ind1=" " ind2=" "><subfield code="a">10279</subfield><subfield code="9">ExL</subfield></datafield><datafield tag="035" ind1=" " ind2=" "><subfield code="a">map00000106</subfield></datafield><datafield tag="110" ind1="1" ind2=" "><subfield code="a">Institute of Geographical Exploration, Harvard University</subfield></datafield><datafield tag="245" ind1="1" ind2="0"><subfield code="a">Arabia :</subfield><subfield code="b">Clothing Requirement Areas.</subfield><subfield code="h">[map]</subfield></datafield><datafield tag="255" ind1=" " ind2=" "><subfield code="a">Graphical scale bar: 7.2 cm. = 200 miles. [1:4,435,200]</subfield></datafield><datafield tag="260" ind1=" " ind2=" "><subfield code="a">Cambridge :</subfield><subfield code="b">Institute of Geographical Exploration, Harvard University,</subfield><subfield code="c">[1951?]</subfield></datafield><datafield tag="300" ind1=" " ind2=" "><subfield code="a">1 map on 1 sheet ;</subfield><subfield code="c">51 x 57.5 cm. on sheet 54 x 67 cm.</subfield></datafield><datafield tag="500" ind1=" " ind2=" "><subfield code="a">Prepared to accompany the Clothing Almanac no. 5 for Southwest Asia. With 2 inset maps: 'Reliability' and 'Landform  Regions'</subfield></datafield><datafield tag="506" ind1=" " ind2=" "><subfield code="a">May require conservation work before use.</subfield></datafield><datafield tag="651" ind1=" " ind2="0"><subfield code="a">Asia</subfield><subfield code="z">Middle East</subfield><subfield code="z">Arabian peninsula</subfield><subfield code="v">Maps.</subfield></datafield><datafield tag="720" ind1="2" ind2=" "><subfield code="a">Army Map Service</subfield><subfield code="e">, printer</subfield></datafield><datafield tag="913" ind1=" " ind2=" "><subfield code="1">118</subfield><subfield code="2">Publisher</subfield><subfield code="3">Printer</subfield><subfield code="5">Uncertain</subfield><subfield code="6">Full</subfield></datafield><datafield tag="949" ind1=" " ind2=" "><subfield code="a">MAPS 28-56-1</subfield></datafield><datafield tag="951" ind1=" " ind2=" "><subfield code="a">66</subfield></datafield><datafield tag="999" ind1=" " ind2=" "><subfield code="a">MAP</subfield></datafield></record>