<record><leader>00924nem a2200253 a 4500</leader><controlfield tag="001">991000096799702696</controlfield><controlfield tag="005">20170804072056.0</controlfield><controlfield tag="008">051118s1947    jo        a  fr 0   ara c</controlfield><datafield tag="035" ind1=" " ind2=" "><subfield code="a">(IL-JeALB)10280-972ai_inst</subfield></datafield><datafield tag="035" ind1=" " ind2=" "><subfield code="a">10280</subfield><subfield code="9">ExL</subfield></datafield><datafield tag="035" ind1=" " ind2=" "><subfield code="a">map00000080</subfield></datafield><datafield tag="110" ind1="1" ind2=" "><subfield code="a">Jordan. Dept. of Lands &amp; Surveys</subfield></datafield><datafield tag="245" ind1="1" ind2="0"><subfield code="a">Archaeological Map of the Hashemite Kingdom of the Jordan.</subfield><subfield code="h">[map]</subfield></datafield><datafield tag="255" ind1=" " ind2=" "><subfield code="a">Scale 1:250,000.</subfield></datafield><datafield tag="260" ind1=" " ind2=" "><subfield code="b">Jordan. Dept. of Lands &amp; Surveys,</subfield><subfield code="c">1947-1949.</subfield></datafield><datafield tag="300" ind1=" " ind2=" "><subfield code="a">1 map on 3 sheets ;</subfield><subfield code="c">55 x 59 cm. on 3 sheets 65 x 73 cm.</subfield></datafield><datafield tag="500" ind1=" " ind2=" "><subfield code="a">The Albright Institute also has 2 sets of this map in English. The English set is dated 1949-1950.</subfield></datafield><datafield tag="505" ind1="0" ind2=" "><subfield code="a">Amman--Karak--Ma'an</subfield></datafield><datafield tag="506" ind1=" " ind2=" "><subfield code="a">May require conservation work before use.</subfield></datafield><datafield tag="546" ind1=" " ind2=" "><subfield code="a">Arabic.</subfield></datafield><datafield tag="651" ind1=" " ind2="0"><subfield code="a">Asia</subfield><subfield code="z">Middle East</subfield><subfield code="z">Jordan</subfield><subfield code="v">Maps.</subfield></datafield><datafield tag="913" ind1=" " ind2=" "><subfield code="1">92</subfield><subfield code="2">Publisher</subfield><subfield code="5">Uncertain</subfield><subfield code="6">Full</subfield></datafield><datafield tag="949" ind1=" " ind2=" "><subfield code="a">MAPS 26-02-1a, 2a, -3a</subfield></datafield><datafield tag="999" ind1=" " ind2=" "><subfield code="a">MAP</subfield></datafield></record>