<record><leader>01013nem a2200253 a 4500</leader><controlfield tag="001">991000096809702696</controlfield><controlfield tag="005">20170202120806.0</controlfield><controlfield tag="008">051118s1980    xx            001 0 eng u</controlfield><datafield tag="035" ind1=" " ind2=" "><subfield code="a">(IL-JeALB)10281-972ai_inst</subfield></datafield><datafield tag="035" ind1=" " ind2=" "><subfield code="a">10281</subfield><subfield code="9">ExL</subfield></datafield><datafield tag="035" ind1=" " ind2=" "><subfield code="a">map00000068</subfield></datafield><datafield tag="110" ind1="1" ind2=" "><subfield code="a">Pictorial Archive, Jerusalem</subfield></datafield><datafield tag="245" ind1="1" ind2="0"><subfield code="a">Archaeology of Jerusalem :</subfield><subfield code="b">First Temple, Second Temple and Byzantine Periods.</subfield><subfield code="h">[map]</subfield></datafield><datafield tag="255" ind1=" " ind2=" "><subfield code="a">Scale 1:3,000-1:7,000.</subfield></datafield><datafield tag="260" ind1=" " ind2=" "><subfield code="a">Jerusalem :</subfield><subfield code="b">Pictorial Archive (Near Eastern History),</subfield><subfield code="c">1980.</subfield></datafield><datafield tag="300" ind1=" " ind2=" "><subfield code="a">1 map on 1 sheet ;</subfield><subfield code="c">78 x 78 cm. on sheet 79 x 78 cm.</subfield></datafield><datafield tag="500" ind1=" " ind2=" "><subfield code="a">Consists of 4 inset maps of the city at different periods.</subfield></datafield><datafield tag="500" ind1=" " ind2=" "><subfield code="a">Library has 2 copies. Copy 2 has information on the Wide Screen Project (Historical Geography of the Bible Lands) on verso.</subfield></datafield><datafield tag="651" ind1=" " ind2="0"><subfield code="a">Asia</subfield><subfield code="z">Middle East</subfield><subfield code="z">Jerusalem</subfield><subfield code="v">Maps.</subfield></datafield><datafield tag="720" ind1="2" ind2=" "><subfield code="a">Survey of Israel</subfield><subfield code="e">, printer</subfield></datafield><datafield tag="913" ind1=" " ind2=" "><subfield code="1">80</subfield><subfield code="2">Publisher</subfield><subfield code="3">Printer</subfield><subfield code="5">Uncertain</subfield><subfield code="6">Full</subfield></datafield><datafield tag="949" ind1=" " ind2=" "><subfield code="a">MAPS 24-80-1</subfield></datafield><datafield tag="951" ind1=" " ind2=" "><subfield code="a">415 (c. 1)</subfield></datafield><datafield tag="999" ind1=" " ind2=" "><subfield code="a">MAP</subfield></datafield></record>