<record><leader>00888nem a2200265 a 4500</leader><controlfield tag="001">991000096819702696</controlfield><controlfield tag="005">20190112121841.0</controlfield><controlfield tag="008">051118s1918    xx            001 0 eng u</controlfield><datafield tag="035" ind1=" " ind2=" "><subfield code="a">(IL-JeALB)10282-972ai_inst</subfield></datafield><datafield tag="035" ind1=" " ind2=" "><subfield code="a">10282</subfield><subfield code="9">ExL</subfield></datafield><datafield tag="035" ind1=" " ind2=" "><subfield code="a">map00000102</subfield></datafield><datafield tag="110" ind1="1" ind2=" "><subfield code="a">Royal Geographical Society</subfield></datafield><datafield tag="245" ind1="1" ind2="0"><subfield code="a">Asia :</subfield><subfield code="b">Esh Sham (Damascus) 1:1,000,000.</subfield><subfield code="h">[map]</subfield></datafield><datafield tag="255" ind1=" " ind2=" "><subfield code="a">Scale 1:1,000,000.</subfield></datafield><datafield tag="260" ind1=" " ind2=" "><subfield code="b">British War Office,</subfield></datafield><datafield tag="300" ind1=" " ind2=" "><subfield code="a">1 map on 1 sheet ;</subfield><subfield code="c">46 x 58 cm. on sheet 63 x 72 cm.</subfield></datafield><datafield tag="505" ind1="8" ind2=" "><subfield code="a">North I - 37. Esh Sham (Damascus)</subfield></datafield><datafield tag="506" ind1=" " ind2=" "><subfield code="a">May require conservation work before use.</subfield></datafield><datafield tag="651" ind1=" " ind2="0"><subfield code="a">Asia</subfield><subfield code="z">Middle East</subfield><subfield code="z">Syria</subfield><subfield code="z">Damascus</subfield><subfield code="v">Maps.</subfield></datafield><datafield tag="773" ind1="1" ind2=" "><subfield code="t">Asia 1:1,000,000</subfield></datafield><datafield tag="913" ind1=" " ind2=" "><subfield code="1">114</subfield><subfield code="2">Printer</subfield><subfield code="5">Uncertain</subfield><subfield code="6">Full</subfield></datafield><datafield tag="949" ind1=" " ind2=" "><subfield code="a">MAPS 33-NI-37</subfield></datafield><datafield tag="951" ind1=" " ind2=" "><subfield code="a">212 ?</subfield></datafield><datafield tag="953" ind1=" " ind2=" "><subfield code="a">Was in drawer 28 as a single sheet till Aug 2009. Moved to drawer 33A.</subfield></datafield><datafield tag="999" ind1=" " ind2=" "><subfield code="a">MAP</subfield></datafield></record>