<record><leader>00887nem a2200241 a 4500</leader><controlfield tag="001">991000096829702696</controlfield><controlfield tag="005">20170202120806.0</controlfield><controlfield tag="008">051118s1934    xx            001 0 eng u</controlfield><datafield tag="035" ind1=" " ind2=" "><subfield code="a">(IL-JeALB)10283-972ai_inst</subfield></datafield><datafield tag="035" ind1=" " ind2=" "><subfield code="a">10283</subfield><subfield code="9">ExL</subfield></datafield><datafield tag="035" ind1=" " ind2=" "><subfield code="a">map00000096</subfield></datafield><datafield tag="110" ind1="1" ind2=" "><subfield code="a">National Geographic Society</subfield></datafield><datafield tag="245" ind1="1" ind2="0"><subfield code="a">Bible Lands and the Cradle of Western Civilization.</subfield><subfield code="h">[map]</subfield></datafield><datafield tag="255" ind1=" " ind2=" "><subfield code="a">Scale 1:3,000,000.</subfield></datafield><datafield tag="260" ind1=" " ind2=" "><subfield code="a">Washington, D.C. :</subfield><subfield code="b">National Geographic Magazine,</subfield><subfield code="c">1938.</subfield></datafield><datafield tag="300" ind1=" " ind2=" "><subfield code="a">1 map on 1 sheet ;</subfield><subfield code="c">60 x 97 cm. on sheet 64 x 90 cm.</subfield></datafield><datafield tag="500" ind1=" " ind2=" "><subfield code="a">With 7 inset maps including The Holy Land, Route of the Exodus, St. Paul's Travels, The Crusades.</subfield></datafield><datafield tag="500" ind1=" " ind2=" "><subfield code="a">Mounted on board.</subfield></datafield><datafield tag="506" ind1=" " ind2=" "><subfield code="a">May require conservation work before use.</subfield></datafield><datafield tag="651" ind1=" " ind2="0"><subfield code="a">Asia</subfield><subfield code="z">Middle East</subfield><subfield code="z">Ancient</subfield><subfield code="v">Maps.</subfield></datafield><datafield tag="913" ind1=" " ind2=" "><subfield code="1">108</subfield><subfield code="2">Publisher</subfield><subfield code="5">Uncertain</subfield><subfield code="6">Full</subfield></datafield><datafield tag="949" ind1=" " ind2=" "><subfield code="a">MAPS 27A-38-1</subfield></datafield><datafield tag="999" ind1=" " ind2=" "><subfield code="a">MAP</subfield></datafield></record>