<record><leader>01259nem a2200301 a 4500</leader><controlfield tag="001">991000096849702696</controlfield><controlfield tag="005">20170202120806.0</controlfield><controlfield tag="008">051118s1973    xx            001 0 eng u</controlfield><datafield tag="035" ind1=" " ind2=" "><subfield code="a">(IL-JeALB)10285-972ai_inst</subfield></datafield><datafield tag="035" ind1=" " ind2=" "><subfield code="a">10285</subfield><subfield code="9">ExL</subfield></datafield><datafield tag="035" ind1=" " ind2=" "><subfield code="a">map00000115</subfield></datafield><datafield tag="110" ind1="1" ind2=" "><subfield code="a">Carta</subfield></datafield><datafield tag="245" ind1="1" ind2="0"><subfield code="a">Carta's Map of the Middle East.</subfield><subfield code="h">[map]</subfield></datafield><datafield tag="255" ind1=" " ind2=" "><subfield code="a">Graphical scale bar: 7.5 cm. = 1500 km.</subfield></datafield><datafield tag="260" ind1=" " ind2=" "><subfield code="a">Jerusalem :</subfield><subfield code="b">Carta,</subfield><subfield code="c">1973.</subfield></datafield><datafield tag="300" ind1=" " ind2=" "><subfield code="a">1 map on 1 sheet ;</subfield><subfield code="c">70 x 90 cm. on sheet 93 x 121 cm.</subfield></datafield><datafield tag="500" ind1=" " ind2=" "><subfield code="a">The map is surrounded by 5 smaller maps: Area and Population, Minorities, Physical, Agriculture and Natural Resources, Oil. It also contains an inset map of Israel. This map shows the cease-fire lines of June 1967, in which the whole of the Sinai Peninsula was under Israeli occupation.</subfield></datafield><datafield tag="506" ind1=" " ind2=" "><subfield code="a">May require conservation work before use.</subfield></datafield><datafield tag="651" ind1=" " ind2="0"><subfield code="a">Asia</subfield><subfield code="z">Middle East</subfield><subfield code="v">Maps.</subfield></datafield><datafield tag="651" ind1=" " ind2="0"><subfield code="a">Asia</subfield><subfield code="z">Iran</subfield><subfield code="v">Maps.</subfield></datafield><datafield tag="651" ind1=" " ind2="0"><subfield code="a">Asia</subfield><subfield code="z">Turkey</subfield><subfield code="v">Maps.</subfield></datafield><datafield tag="651" ind1=" " ind2="0"><subfield code="a">Africa</subfield><subfield code="z">North Africa</subfield><subfield code="z">Egypt</subfield><subfield code="v">Maps.</subfield></datafield><datafield tag="651" ind1=" " ind2="0"><subfield code="a">Africa</subfield><subfield code="z">North Africa</subfield><subfield code="z">Libya</subfield><subfield code="v">Maps.</subfield></datafield><datafield tag="651" ind1=" " ind2="0"><subfield code="a">Africa</subfield><subfield code="z">North Africa</subfield><subfield code="z">Sudan</subfield><subfield code="v">Maps.</subfield></datafield><datafield tag="651" ind1=" " ind2="0"><subfield code="a">Africa</subfield><subfield code="z">North Africa</subfield><subfield code="z">Tunisia</subfield><subfield code="v">Maps.</subfield></datafield><datafield tag="913" ind1=" " ind2=" "><subfield code="1">127</subfield><subfield code="2">Publisher</subfield><subfield code="5">Uncertain</subfield><subfield code="6">Full</subfield></datafield><datafield tag="949" ind1=" " ind2=" "><subfield code="a">MAPS 20-73-00</subfield></datafield><datafield tag="999" ind1=" " ind2=" "><subfield code="a">MAP</subfield></datafield></record>