<record><leader>01009nem a2200277 a 4500</leader><controlfield tag="001">991000096859702696</controlfield><controlfield tag="005">20170202120806.0</controlfield><controlfield tag="008">051118s1945    xx            001 0 eng u</controlfield><datafield tag="035" ind1=" " ind2=" "><subfield code="a">(IL-JeALB)10286-972ai_inst</subfield></datafield><datafield tag="035" ind1=" " ind2=" "><subfield code="a">10286</subfield><subfield code="9">ExL</subfield></datafield><datafield tag="035" ind1=" " ind2=" "><subfield code="a">map00000084</subfield></datafield><datafield tag="037" ind1=" " ind2=" "><subfield code="c">4 Syrian pounds</subfield><subfield code="d">purchased Oct 18 1951.</subfield></datafield><datafield tag="110" ind1="1" ind2=" "><subfield code="a">Service Geographique des F.F.L.</subfield></datafield><datafield tag="245" ind1="1" ind2="0"><subfield code="a">Carte Generale du Liban 1:200,000.</subfield><subfield code="h">[map]</subfield></datafield><datafield tag="255" ind1=" " ind2=" "><subfield code="a">Scale 1:200,000.</subfield></datafield><datafield tag="260" ind1=" " ind2=" "><subfield code="b">Service Geographique des F.F.L.,</subfield><subfield code="c">1945.</subfield></datafield><datafield tag="300" ind1=" " ind2=" "><subfield code="a">1 map on 2 sheets ;</subfield><subfield code="c">44.5 x 80 cm. and 59 x 80 cm. on 2 sheets 63 x 90 cm.</subfield></datafield><datafield tag="505" ind1=" " ind2=" "><subfield code="a">Feuille Nord--Feuille Sud.</subfield></datafield><datafield tag="506" ind1=" " ind2=" "><subfield code="a">May require conservation work before use.</subfield></datafield><datafield tag="546" ind1=" " ind2=" "><subfield code="a">French and Arabic.</subfield></datafield><datafield tag="651" ind1=" " ind2="0"><subfield code="a">Asia</subfield><subfield code="z">Middle East</subfield><subfield code="z">Lebanon</subfield><subfield code="v">Maps.</subfield></datafield><datafield tag="710" ind1=" " ind2=" "><subfield code="a">Service Geographique des Forces Franaises du Levant</subfield></datafield><datafield tag="913" ind1=" " ind2=" "><subfield code="1">96</subfield><subfield code="2">Publisher</subfield><subfield code="5">Uncertain</subfield><subfield code="6">Full</subfield></datafield><datafield tag="949" ind1=" " ind2=" "><subfield code="a">MAPS 38-45-1,-2</subfield></datafield><datafield tag="951" ind1=" " ind2=" "><subfield code="a">252 (North), 332 (South). Inventory no. for map item 6529.</subfield></datafield><datafield tag="999" ind1=" " ind2=" "><subfield code="a">MAP</subfield></datafield></record>