<record><leader>01041nem a2200277 a 4500</leader><controlfield tag="001">991000096869702696</controlfield><controlfield tag="005">20170202120806.0</controlfield><controlfield tag="008">051118s1958    xx            001 0 eng u</controlfield><datafield tag="035" ind1=" " ind2=" "><subfield code="a">(IL-JeALB)10287-972ai_inst</subfield></datafield><datafield tag="035" ind1=" " ind2=" "><subfield code="a">10287</subfield><subfield code="9">ExL</subfield></datafield><datafield tag="035" ind1=" " ind2=" "><subfield code="a">map00000108</subfield></datafield><datafield tag="100" ind1="1" ind2=" "><subfield code="a">Calder, W M</subfield></datafield><datafield tag="245" ind1="1" ind2="2"><subfield code="a">A Classical Map of Asia Minor.</subfield><subfield code="h">[map]</subfield></datafield><datafield tag="255" ind1=" " ind2=" "><subfield code="a">Scale 1:2,000,000.</subfield></datafield><datafield tag="260" ind1=" " ind2=" "><subfield code="a">Ankara :</subfield><subfield code="b">British Institute of Archaeology,</subfield><subfield code="c">1958.</subfield></datafield><datafield tag="300" ind1=" " ind2=" "><subfield code="a">1 map on 1 sheet ;</subfield><subfield code="c">48 x 70.5 cm. on sheet 55 x 78 cm.</subfield></datafield><datafield tag="500" ind1=" " ind2=" "><subfield code="a">Accompanied by an index and by a note by W.M. Calder. This map is a revision of J.G.C. Anderson's map of Asia Minor published by John Murray in 1903.</subfield></datafield><datafield tag="506" ind1=" " ind2=" "><subfield code="a">May require conservation work before use.</subfield></datafield><datafield tag="651" ind1=" " ind2="0"><subfield code="a">Asia</subfield><subfield code="z">Turkey</subfield><subfield code="z">Asia Minor</subfield><subfield code="v">Maps.</subfield></datafield><datafield tag="700" ind1="1" ind2=" "><subfield code="a">Bean, G E</subfield></datafield><datafield tag="700" ind1=" " ind2=" "><subfield code="a">Gough, Mary</subfield><subfield code="e">, artist</subfield></datafield><datafield tag="720" ind1="2" ind2=" "><subfield code="a">John Bartholomew &amp; Son</subfield><subfield code="e">, printer</subfield></datafield><datafield tag="913" ind1=" " ind2=" "><subfield code="1">120</subfield><subfield code="2">Publisher</subfield><subfield code="3">Printer</subfield><subfield code="5">Uncertain</subfield><subfield code="6">Full</subfield></datafield><datafield tag="949" ind1=" " ind2=" "><subfield code="a">MAPS 28-58-00a (map), -00b (index), -00c (note)</subfield></datafield><datafield tag="951" ind1=" " ind2=" "><subfield code="a">17214</subfield></datafield><datafield tag="999" ind1=" " ind2=" "><subfield code="a">MAP</subfield></datafield></record>