<record><leader>00995nem a2200277 a 4500</leader><controlfield tag="001">991000096879702696</controlfield><controlfield tag="005">20170202120806.0</controlfield><controlfield tag="008">051118n        xx            001 0 eng u</controlfield><datafield tag="035" ind1=" " ind2=" "><subfield code="a">(IL-JeALB)10288-972ai_inst</subfield></datafield><datafield tag="035" ind1=" " ind2=" "><subfield code="a">10288</subfield><subfield code="9">ExL</subfield></datafield><datafield tag="035" ind1=" " ind2=" "><subfield code="a">map00000101</subfield></datafield><datafield tag="110" ind1="1" ind2=" "><subfield code="a">Cairo Drafting Office</subfield></datafield><datafield tag="245" ind1="1" ind2="0"><subfield code="a">Communication Map of United Arab Republic.</subfield><subfield code="h">[map]</subfield></datafield><datafield tag="246" ind1=" " ind2=" "><subfield code="a">Road map of Egypt region U.A.R.</subfield></datafield><datafield tag="255" ind1=" " ind2=" "><subfield code="a">Scale 1:500,000.</subfield></datafield><datafield tag="260" ind1=" " ind2=" "><subfield code="a">Cairo :</subfield><subfield code="b">Cairo Drafting Office,</subfield><subfield code="c">[197-?]</subfield></datafield><datafield tag="300" ind1=" " ind2=" "><subfield code="a">1 map on 1 sheet ;</subfield><subfield code="c">93 x 64 cm. on sheet 95 x 66 cm.</subfield></datafield><datafield tag="500" ind1=" " ind2=" "><subfield code="a">With inset 'Map of U.A.R. Scale 1:1,000,000,' following the route of the Nile.</subfield></datafield><datafield tag="500" ind1=" " ind2=" "><subfield code="a">With index of towns and distance tables.</subfield></datafield><datafield tag="500" ind1=" " ind2=" "><subfield code="a">Several notes in manuscript appear on the map.</subfield></datafield><datafield tag="506" ind1=" " ind2=" "><subfield code="a">Will require conservation work before use.</subfield></datafield><datafield tag="651" ind1=" " ind2="0"><subfield code="a">Africa</subfield><subfield code="z">Egypt</subfield><subfield code="v">Maps.</subfield></datafield><datafield tag="700" ind1="1" ind2=" "><subfield code="a">Rashdan, A M</subfield><subfield code="e">, artist</subfield></datafield><datafield tag="913" ind1=" " ind2=" "><subfield code="1">113</subfield><subfield code="2">Publisher</subfield><subfield code="5">Uncertain</subfield><subfield code="6">Full</subfield></datafield><datafield tag="949" ind1=" " ind2=" "><subfield code="a">MAPS 28-7-00</subfield></datafield><datafield tag="999" ind1=" " ind2=" "><subfield code="a">MAP</subfield></datafield></record>