<record><leader>00737nem a2200229 a 4500</leader><controlfield tag="001">991000096889702696</controlfield><controlfield tag="005">20170202120807.0</controlfield><controlfield tag="008">051118s1930    xx            001 0 eng u</controlfield><datafield tag="035" ind1=" " ind2=" "><subfield code="a">(IL-JeALB)10289-972ai_inst</subfield></datafield><datafield tag="035" ind1=" " ind2=" "><subfield code="a">10289</subfield><subfield code="9">ExL</subfield></datafield><datafield tag="035" ind1=" " ind2=" "><subfield code="a">map00000085</subfield></datafield><datafield tag="100" ind1="1" ind2=" "><subfield code="a">Dickinson, B B</subfield></datafield><datafield tag="245" ind1="1" ind2="4"><subfield code="a">The Diagram Hand-Maps :</subfield><subfield code="b">Greece: Orographical.</subfield><subfield code="h">[map]</subfield></datafield><datafield tag="255" ind1=" " ind2=" "><subfield code="a">Graphical scale bar: 4.5 cm. = 60 English miles.</subfield></datafield><datafield tag="260" ind1=" " ind2=" "><subfield code="b">The Diagram Company,</subfield><subfield code="c">[1930?]</subfield></datafield><datafield tag="300" ind1=" " ind2=" "><subfield code="a">1 map on 1 sheet ;</subfield><subfield code="c">27 x 27 cm. on sheet 30 x 30 cm.</subfield></datafield><datafield tag="651" ind1=" " ind2="0"><subfield code="a">Europe</subfield><subfield code="z">Greece</subfield><subfield code="v">Maps.</subfield></datafield><datafield tag="720" ind1="2" ind2=" "><subfield code="a">Philip &amp; Son Ltd.</subfield><subfield code="e">, printer [1920?]</subfield></datafield><datafield tag="913" ind1=" " ind2=" "><subfield code="1">97</subfield><subfield code="2">Publisher</subfield><subfield code="3">Printer</subfield><subfield code="5">Uncertain</subfield><subfield code="6">Minimal</subfield></datafield><datafield tag="949" ind1=" " ind2=" "><subfield code="a">MAPS 27A-20-1</subfield></datafield><datafield tag="951" ind1=" " ind2=" "><subfield code="a">77</subfield></datafield><datafield tag="999" ind1=" " ind2=" "><subfield code="a">MAP</subfield></datafield></record>