<record><leader>01234nem a2200289 a 4500</leader><controlfield tag="001">991000096899702696</controlfield><controlfield tag="005">20171126105608.0</controlfield><controlfield tag="008">051118s1913    gw b      a   r 0   lat c</controlfield><datafield tag="035" ind1=" " ind2=" "><subfield code="a">(IL-JeALB)10290-972ai_inst</subfield></datafield><datafield tag="035" ind1=" " ind2=" "><subfield code="a">10290</subfield><subfield code="9">ExL</subfield></datafield><datafield tag="035" ind1=" " ind2=" "><subfield code="a">map00000090</subfield></datafield><datafield tag="100" ind1="1" ind2=" "><subfield code="a">Kiepert, Heinrich,</subfield><subfield code="d">1818-1899</subfield></datafield><datafield tag="245" ind1="1" ind2="0"><subfield code="a">Gallia secondo et tertio p. Chr. n. saeculo.</subfield><subfield code="h">[map]</subfield></datafield><datafield tag="255" ind1=" " ind2=" "><subfield code="a">Scale 1:2,500,000.</subfield></datafield><datafield tag="260" ind1=" " ind2=" "><subfield code="a">Berlin :</subfield><subfield code="b">D. Reimer,</subfield><subfield code="c">1913.</subfield></datafield><datafield tag="300" ind1=" " ind2=" "><subfield code="a">1 map on 1 sheet ;</subfield><subfield code="c">57 x 43 cm. on sheet 65 x 52 cm.</subfield></datafield><datafield tag="500" ind1=" " ind2=" "><subfield code="a">Section XXV from Kiepert's atlas of the ancient world, 'Formae Orbis Antiqui'. With accompanying text, p. 1-3.</subfield></datafield><datafield tag="501" ind1=" " ind2=" "><subfield code="a">With: Syria. Mesopotamia. Assyria. Armenia Maior (27A-93-5) -- Palaestina (27A-93-6) -- Phocis. Boeotia. Attica. Athenae (27A-93-14) -- Italiae Pars Media (27A-93-20) -- Insulae Britannicae (27A-93-26).</subfield></datafield><datafield tag="506" ind1=" " ind2=" "><subfield code="a">May require conservation work before use.</subfield></datafield><datafield tag="651" ind1=" " ind2="0"><subfield code="a">Europe</subfield><subfield code="z">France</subfield><subfield code="z">Ancient</subfield><subfield code="v">Maps.</subfield></datafield><datafield tag="700" ind1="1" ind2=" "><subfield code="a">Kiepert, R</subfield><subfield code="e">, artist</subfield></datafield><datafield tag="700" ind1="1" ind2=" "><subfield code="a">Serbek, R</subfield><subfield code="e">, engraver</subfield></datafield><datafield tag="773" ind1="0" ind2=" "><subfield code="t">Formae Orbis Antiqui,</subfield><subfield code="o">MAPS 27A-93</subfield><subfield code="w">991000118919702696</subfield></datafield><datafield tag="913" ind1=" " ind2=" "><subfield code="1">102</subfield><subfield code="2">Publisher</subfield><subfield code="5">Uncertain</subfield><subfield code="6">Full</subfield></datafield><datafield tag="949" ind1=" " ind2=" "><subfield code="a">MAPS 27A-93-25</subfield></datafield><datafield tag="951" ind1=" " ind2=" "><subfield code="a">41 (map), 41a (suppl.)</subfield></datafield><datafield tag="999" ind1=" " ind2=" "><subfield code="a">MAP</subfield></datafield></record>