<record><leader>01011nem a2200265 a 4500</leader><controlfield tag="001">991000096909702696</controlfield><controlfield tag="005">20170202120807.0</controlfield><controlfield tag="008">051118s1957    xx            001 0 eng u</controlfield><datafield tag="035" ind1=" " ind2=" "><subfield code="a">(IL-JeALB)10291-972ai_inst</subfield></datafield><datafield tag="035" ind1=" " ind2=" "><subfield code="a">10291</subfield><subfield code="9">ExL</subfield></datafield><datafield tag="035" ind1=" " ind2=" "><subfield code="a">map00000109</subfield></datafield><datafield tag="100" ind1="1" ind2=" "><subfield code="a">Bramkamp, Richard A</subfield></datafield><datafield tag="245" ind1="1" ind2="0"><subfield code="a">Geographic Map of the Northern Tuwayq Qadrangle, Kingdom of Saudi Arabia.</subfield><subfield code="h">[map]</subfield></datafield><datafield tag="255" ind1=" " ind2=" "><subfield code="a">Scale 1:500,000.</subfield></datafield><datafield tag="260" ind1=" " ind2=" "><subfield code="b">U.S. Geological Survey, Dept. of the Interior,</subfield><subfield code="b">Saudi Arabia, Directorate General of Petroleum and Mineral Affairs,</subfield><subfield code="c">1957.</subfield></datafield><datafield tag="300" ind1=" " ind2=" "><subfield code="a">1 map on 1 sheet ;</subfield><subfield code="c">97.5 x 60 cm. on sheet 105 x 83 cm.</subfield></datafield><datafield tag="500" ind1=" " ind2=" "><subfield code="a">Map I-207B in the Miscellaneous Geologic Investigations series.</subfield></datafield><datafield tag="500" ind1=" " ind2=" "><subfield code="a">The Albright library has two copies.</subfield></datafield><datafield tag="546" ind1=" " ind2=" "><subfield code="a">English, text also in Arabic.</subfield></datafield><datafield tag="651" ind1=" " ind2="0"><subfield code="a">Asia</subfield><subfield code="z">Middle East</subfield><subfield code="z">Saudi Arabia</subfield><subfield code="v">Maps.</subfield></datafield><datafield tag="700" ind1="1" ind2=" "><subfield code="a">Ramirez, Leon F</subfield></datafield><datafield tag="913" ind1=" " ind2=" "><subfield code="1">121</subfield><subfield code="2">Publisher</subfield><subfield code="3">Publisher</subfield><subfield code="5">Uncertain</subfield><subfield code="6">Full</subfield></datafield><datafield tag="949" ind1=" " ind2=" "><subfield code="a">MAPS 28-57-207B</subfield></datafield><datafield tag="951" ind1=" " ind2=" "><subfield code="a">159</subfield></datafield><datafield tag="999" ind1=" " ind2=" "><subfield code="a">MAP</subfield></datafield></record>