<record><leader>01105nem a2200277 a 4500</leader><controlfield tag="001">991000096929702696</controlfield><controlfield tag="005">20170202120807.0</controlfield><controlfield tag="008">051118s1910    xx            001 0 eng u</controlfield><datafield tag="035" ind1=" " ind2=" "><subfield code="a">(IL-JeALB)10293-972ai_inst</subfield></datafield><datafield tag="035" ind1=" " ind2=" "><subfield code="a">10293</subfield><subfield code="9">ExL</subfield></datafield><datafield tag="035" ind1=" " ind2=" "><subfield code="a">map00000099</subfield></datafield><datafield tag="110" ind1="1" ind2=" "><subfield code="a">Survey Dept., Egypt</subfield></datafield><datafield tag="245" ind1="1" ind2="0"><subfield code="a">Geological map of Egypt 1:1,000,000.</subfield><subfield code="h">[map]</subfield></datafield><datafield tag="255" ind1=" " ind2=" "><subfield code="a">Scale 1:1,000,000.</subfield></datafield><datafield tag="260" ind1=" " ind2=" "><subfield code="b">Survey Dept., Egypt,</subfield><subfield code="c">1910.</subfield></datafield><datafield tag="300" ind1=" " ind2=" "><subfield code="a">1 map on 1 sheet ;</subfield><subfield code="c">133 x 125 cm. on sheet 151 x 129 cm.</subfield></datafield><datafield tag="500" ind1=" " ind2=" "><subfield code="a">Backed with gauze.</subfield></datafield><datafield tag="500" ind1=" " ind2=" "><subfield code="a">Sheet stamped with Clarence Fisher's stamp on verso.</subfield></datafield><datafield tag="506" ind1=" " ind2=" "><subfield code="a">May require conservation work before use.</subfield></datafield><datafield tag="530" ind1=" " ind2=" "><subfield code="a">Digitized version, photography by Ardon Bar-Hama courtesy of George Blumenthal, available online on the AIAR website at:</subfield><subfield code="u">http://www.aiar.org/wp-content/uploads/2015/01/Geological-Map-Egypt.pdf</subfield></datafield><datafield tag="530" ind1=" " ind2=" "><subfield code="a">Digitized version also available from the Albright CD collection (GA1321.B3).</subfield></datafield><datafield tag="651" ind1=" " ind2="0"><subfield code="a">Africa</subfield><subfield code="z">Egypt</subfield><subfield code="v">Maps.</subfield></datafield><datafield tag="913" ind1=" " ind2=" "><subfield code="1">111</subfield><subfield code="2">Publisher</subfield><subfield code="5">Uncertain</subfield><subfield code="6">Full</subfield></datafield><datafield tag="949" ind1=" " ind2=" "><subfield code="a">MAPS 28-10-1</subfield></datafield><datafield tag="951" ind1=" " ind2=" "><subfield code="a">185</subfield></datafield><datafield tag="999" ind1=" " ind2=" "><subfield code="a">MAP</subfield></datafield></record>