<record><leader>00809nem a2200241 a 4500</leader><controlfield tag="001">991000096939702696</controlfield><controlfield tag="005">20170202120807.0</controlfield><controlfield tag="008">051118s1956    xx            001 0 eng u</controlfield><datafield tag="035" ind1=" " ind2=" "><subfield code="a">(IL-JeALB)10294-972ai_inst</subfield></datafield><datafield tag="035" ind1=" " ind2=" "><subfield code="a">10294</subfield><subfield code="9">ExL</subfield></datafield><datafield tag="035" ind1=" " ind2=" "><subfield code="a">map00000082</subfield></datafield><datafield tag="110" ind1="1" ind2=" "><subfield code="a">Jordan. Dept. of Lands &amp; Surveys</subfield></datafield><datafield tag="245" ind1="1" ind2="4"><subfield code="a">The Hashemite Kingdom of Jordan :</subfield><subfield code="b">Geological Map of Jordan (east of the Rift Valley).</subfield><subfield code="h">[map]</subfield></datafield><datafield tag="255" ind1=" " ind2=" "><subfield code="a">Scale 1:250,000.</subfield></datafield><datafield tag="260" ind1=" " ind2=" "><subfield code="b">Ordnance Survey,</subfield><subfield code="c">1956.</subfield></datafield><datafield tag="300" ind1=" " ind2=" "><subfield code="a">1 map on 1 sheet ;</subfield><subfield code="c">55.5 x 59.5 cm. on sheet 64 x 84 cm.</subfield></datafield><datafield tag="500" ind1=" " ind2=" "><subfield code="a">Sheet 3 (of 3): Ma'an.</subfield></datafield><datafield tag="506" ind1=" " ind2=" "><subfield code="a">May require conservation work before use.</subfield></datafield><datafield tag="651" ind1=" " ind2="0"><subfield code="a">Asia</subfield><subfield code="z">Middle East</subfield><subfield code="z">Jordan</subfield><subfield code="z">Ma'an</subfield><subfield code="v">Maps.</subfield></datafield><datafield tag="913" ind1=" " ind2=" "><subfield code="1">94</subfield><subfield code="2">Printer</subfield><subfield code="5">Uncertain</subfield><subfield code="6">Full</subfield></datafield><datafield tag="949" ind1=" " ind2=" "><subfield code="a">MAPS 26-03-3</subfield></datafield><datafield tag="951" ind1=" " ind2=" "><subfield code="a">109</subfield></datafield><datafield tag="999" ind1=" " ind2=" "><subfield code="a">MAP</subfield></datafield></record>