<record><leader>00913nem a2200265 a 4500</leader><controlfield tag="001">991000096949702696</controlfield><controlfield tag="005">20170202120807.0</controlfield><controlfield tag="008">051118s1953    xx            001 0 eng u</controlfield><datafield tag="035" ind1=" " ind2=" "><subfield code="a">(IL-JeALB)10295-972ai_inst</subfield></datafield><datafield tag="035" ind1=" " ind2=" "><subfield code="a">10295</subfield><subfield code="9">ExL</subfield></datafield><datafield tag="035" ind1=" " ind2=" "><subfield code="a">map00000079</subfield></datafield><datafield tag="110" ind1="1" ind2=" "><subfield code="a">Jordan. State Tourist Department</subfield></datafield><datafield tag="245" ind1="1" ind2="4"><subfield code="a">The Hashemite Kingdom of Jordan : Tourist Map.</subfield><subfield code="h">[map]</subfield></datafield><datafield tag="255" ind1=" " ind2=" "><subfield code="a">Scale 1:750,000.</subfield></datafield><datafield tag="260" ind1=" " ind2=" "><subfield code="a">Jerusalem :</subfield><subfield code="b">Jordan. State Tourist Department,</subfield><subfield code="c">1953.</subfield></datafield><datafield tag="300" ind1=" " ind2=" "><subfield code="a">1 map on 1 sheet ;</subfield><subfield code="c">59 x 43.5 cm. on sheet 70 x 48 cm.</subfield></datafield><datafield tag="500" ind1=" " ind2=" "><subfield code="a">When this map was printed, East Jerusalem was part of Jordan.</subfield></datafield><datafield tag="506" ind1=" " ind2=" "><subfield code="a">May require conservation work before use.</subfield></datafield><datafield tag="651" ind1=" " ind2="0"><subfield code="a">Asia</subfield><subfield code="z">Middle East</subfield><subfield code="z">Jordan</subfield><subfield code="v">Maps.</subfield></datafield><datafield tag="700" ind1=" " ind2=" "><subfield code="a">Azar, N</subfield><subfield code="e">, editor</subfield></datafield><datafield tag="710" ind1="1" ind2=" "><subfield code="b">Jordan. Dept. of Lands &amp; Surveys</subfield></datafield><datafield tag="913" ind1=" " ind2=" "><subfield code="1">91</subfield><subfield code="2">Publisher</subfield><subfield code="5">Uncertain</subfield><subfield code="6">Full</subfield></datafield><datafield tag="949" ind1=" " ind2=" "><subfield code="a">MAPS 26-53-1</subfield></datafield><datafield tag="951" ind1=" " ind2=" "><subfield code="a">82</subfield></datafield><datafield tag="999" ind1=" " ind2=" "><subfield code="a">MAP</subfield></datafield></record>