<record><leader>00768nem a2200241 a 4500</leader><controlfield tag="001">991000096959702696</controlfield><controlfield tag="005">20170202120807.0</controlfield><controlfield tag="008">051118s1949    xx            001 0 eng u</controlfield><datafield tag="035" ind1=" " ind2=" "><subfield code="a">(IL-JeALB)10296-972ai_inst</subfield></datafield><datafield tag="035" ind1=" " ind2=" "><subfield code="a">10296</subfield><subfield code="9">ExL</subfield></datafield><datafield tag="035" ind1=" " ind2=" "><subfield code="a">map00000081</subfield></datafield><datafield tag="110" ind1="1" ind2=" "><subfield code="a">Jordan. Dept. of Lands &amp; Surveys</subfield></datafield><datafield tag="245" ind1="1" ind2="4"><subfield code="a">The Hashemite Kingdom of the Jordan :</subfield><subfield code="b">Amman.</subfield><subfield code="h">[map]</subfield></datafield><datafield tag="255" ind1=" " ind2=" "><subfield code="a">Scale 1:250,000.</subfield></datafield><datafield tag="260" ind1=" " ind2=" "><subfield code="b">Ordnance Survey,</subfield><subfield code="c">1949.</subfield></datafield><datafield tag="300" ind1=" " ind2=" "><subfield code="a">1 map on 1 sheet ;</subfield><subfield code="c">55.5 x 59.5 cm. on sheet 68 x 81 cm.</subfield></datafield><datafield tag="505" ind1=" " ind2=" "><subfield code="a">Sheet 1 (of 3): Amman.</subfield></datafield><datafield tag="506" ind1=" " ind2=" "><subfield code="a">May require conservation work before use.</subfield></datafield><datafield tag="651" ind1=" " ind2="0"><subfield code="a">Asia</subfield><subfield code="z">Middle East</subfield><subfield code="z">Jordan</subfield><subfield code="z">Amman</subfield><subfield code="v">Maps.</subfield></datafield><datafield tag="913" ind1=" " ind2=" "><subfield code="1">93</subfield><subfield code="2">Printer</subfield><subfield code="5">Uncertain</subfield><subfield code="6">Full</subfield></datafield><datafield tag="949" ind1=" " ind2=" "><subfield code="a">MAPS 26-01-1</subfield></datafield><datafield tag="951" ind1=" " ind2=" "><subfield code="a">100</subfield></datafield><datafield tag="999" ind1=" " ind2=" "><subfield code="a">MAP</subfield></datafield></record>