<record><leader>01425nem a2200289 a 4500</leader><controlfield tag="001">991000096969702696</controlfield><controlfield tag="005">20170202120807.0</controlfield><controlfield tag="008">051118s1973    xx            001 0 eng u</controlfield><datafield tag="035" ind1=" " ind2=" "><subfield code="a">(IL-JeALB)10297-972ai_inst</subfield></datafield><datafield tag="035" ind1=" " ind2=" "><subfield code="a">10297</subfield><subfield code="9">ExL</subfield></datafield><datafield tag="035" ind1=" " ind2=" "><subfield code="a">map00000111</subfield></datafield><datafield tag="100" ind1="1" ind2=" "><subfield code="a">Berg, Wilhelm</subfield></datafield><datafield tag="245" ind1="1" ind2="0"><subfield code="a">Historische Karte des alten gypten.</subfield><subfield code="h">[map]</subfield></datafield><datafield tag="255" ind1=" " ind2=" "><subfield code="a">Scale 1:500,000.</subfield></datafield><datafield tag="260" ind1=" " ind2=" "><subfield code="b">Verlag Hans Richarz,</subfield><subfield code="c">1973.</subfield></datafield><datafield tag="300" ind1=" " ind2=" "><subfield code="a">2 maps on 26 (pt.1) and 23 (pt. 2) sheets ;</subfield><subfield code="c">20 x 25.5 and 20 x 29 cm. approx., which put together, make up respectively 160 x 76.5 cm. (pt.1), and 200 x 87 cm. (pt.2)</subfield></datafield><datafield tag="500" ind1=" " ind2=" "><subfield code="a">The map is a reproduction of a hand drawn map made by Wilhelm Berg.</subfield></datafield><datafield tag="505" ind1=" " ind2=" "><subfield code="a">The map is in two parts: Teil I: Nile from Aswan to the Mediterranean--Teil II: Wad Medani [Blue Nile] via Khartoum to Aswan.</subfield></datafield><datafield tag="505" ind1=" " ind2=" "><subfield code="a">Each of the two parts is accompanied by a key map and an index.</subfield></datafield><datafield tag="505" ind1=" " ind2=" "><subfield code="a">Part I consists of: index (p. 3-50), key map, 26 sheets: I - XVIII, XVIIIa, XIX - XXI, XXIa, XXII - XXIV.</subfield></datafield><datafield tag="505" ind1=" " ind2=" "><subfield code="a">Part II consists of: index (p. 51-76), key map, 23 sheets: II - VIII, X - XI, XIII - XXI, XXIII - XXVII. Sheets I, IX, XII, XXII of pt. 2 were never printed.</subfield></datafield><datafield tag="546" ind1=" " ind2=" "><subfield code="a">German.</subfield></datafield><datafield tag="595" ind1=" " ind2=" "><subfield code="a">Each sheet is 30 x 21 cm. in size.</subfield></datafield><datafield tag="651" ind1=" " ind2="0"><subfield code="a">Africa</subfield><subfield code="z">Egypt</subfield><subfield code="v">Maps.</subfield></datafield><datafield tag="913" ind1=" " ind2=" "><subfield code="1">123</subfield><subfield code="2">Publisher</subfield><subfield code="5">Uncertain</subfield><subfield code="6">Full</subfield></datafield><datafield tag="949" ind1=" " ind2=" "><subfield code="a">MAPS 28-73-00a (pt. 1), -00b (pt. 2)</subfield></datafield><datafield tag="999" ind1=" " ind2=" "><subfield code="a">MAP</subfield></datafield></record>