<record><leader>01000nem a2200265 a 4500</leader><controlfield tag="001">991000097009702696</controlfield><controlfield tag="005">20170202120808.0</controlfield><controlfield tag="008">051118s1923    xx            001 0 eng u</controlfield><datafield tag="035" ind1=" " ind2=" "><subfield code="a">(IL-JeALB)10301-972ai_inst</subfield></datafield><datafield tag="035" ind1=" " ind2=" "><subfield code="a">10301</subfield><subfield code="9">ExL</subfield></datafield><datafield tag="035" ind1=" " ind2=" "><subfield code="a">map00000105</subfield></datafield><datafield tag="110" ind1="1" ind2=" "><subfield code="a">Survey of India</subfield></datafield><datafield tag="245" ind1="1" ind2="0"><subfield code="a">Iraq :</subfield><subfield code="b">Baghdad, Diyalah, Kirkuk Divisions.</subfield><subfield code="h">[map]</subfield></datafield><datafield tag="255" ind1=" " ind2=" "><subfield code="a">Scale 1:253,440.</subfield></datafield><datafield tag="260" ind1=" " ind2=" "><subfield code="a">Calcutta :</subfield><subfield code="b">Survey of India Office,</subfield><subfield code="c">1923.</subfield></datafield><datafield tag="300" ind1=" " ind2=" "><subfield code="a">1 map on 2 sheets ;</subfield><subfield code="c">46.5 x 39 cm., on 2 sheets 61 x 47 cm. and 61 x 45 cm.</subfield></datafield><datafield tag="500" ind1=" " ind2=" "><subfield code="a">This map was produced by the Survey of India under the direction of Col. C.H.D. Ryder, Surveyor General of India.</subfield></datafield><datafield tag="505" ind1=" " ind2=" "><subfield code="a">Sheets: 2B Kifri -- 2C Baghdad.</subfield></datafield><datafield tag="506" ind1=" " ind2=" "><subfield code="a">May require conservation work before use.</subfield></datafield><datafield tag="595" ind1=" " ind2=" "><subfield code="a">Sheet sizes: 2B, 61 x 47 cm.; 2C, 61 x 45 cm.</subfield></datafield><datafield tag="651" ind1=" " ind2="0"><subfield code="a">Asia</subfield><subfield code="z">Middle East</subfield><subfield code="z">Iraq</subfield><subfield code="v">Maps.</subfield></datafield><datafield tag="913" ind1=" " ind2=" "><subfield code="1">117</subfield><subfield code="2">Publisher</subfield><subfield code="5">Uncertain</subfield><subfield code="6">Full</subfield></datafield><datafield tag="949" ind1=" " ind2=" "><subfield code="a">MAPS 28-23-2B,C</subfield></datafield><datafield tag="951" ind1=" " ind2=" "><subfield code="a">289 (2B), 290 (2C)</subfield></datafield><datafield tag="999" ind1=" " ind2=" "><subfield code="a">MAP</subfield></datafield></record>