<record><leader>01041nem a2200277 a 4500</leader><controlfield tag="001">991000097019702696</controlfield><controlfield tag="005">20170202120808.0</controlfield><controlfield tag="008">051118s1951    xx            001 0 eng u</controlfield><datafield tag="035" ind1=" " ind2=" "><subfield code="a">(IL-JeALB)10302-972ai_inst</subfield></datafield><datafield tag="035" ind1=" " ind2=" "><subfield code="a">10302</subfield><subfield code="9">ExL</subfield></datafield><datafield tag="035" ind1=" " ind2=" "><subfield code="a">map00000116</subfield></datafield><datafield tag="037" ind1=" " ind2=" "><subfield code="c">1.350 Jordanian dinars</subfield><subfield code="d">purchased Oct 11 1951.</subfield></datafield><datafield tag="110" ind1="1" ind2=" "><subfield code="a">Survey of Israel</subfield></datafield><datafield tag="245" ind1="1" ind2="1"><subfield code="a">[Israel 1:250,000].</subfield><subfield code="h">[map]</subfield></datafield><datafield tag="255" ind1=" " ind2=" "><subfield code="a">Scale 1:250,000.</subfield></datafield><datafield tag="260" ind1=" " ind2=" "><subfield code="a">Tel Aviv :</subfield><subfield code="b">Survey of Israel,</subfield><subfield code="c">1951.</subfield></datafield><datafield tag="300" ind1=" " ind2=" "><subfield code="a">1 map on 3 sheets ;</subfield><subfield code="c">58.5 x 66.5 cm. on 3 sheets 73 x 68.5 cm.</subfield></datafield><datafield tag="505" ind1=" " ind2=" "><subfield code="a">All sheets bear same title, Israel. Sheet 1. North--Sheet 2. Central--Sheet 3. South.</subfield></datafield><datafield tag="546" ind1=" " ind2=" "><subfield code="a">Hebrew.</subfield></datafield><datafield tag="651" ind1=" " ind2="0"><subfield code="a">Asia</subfield><subfield code="z">Middle East</subfield><subfield code="z">Israel</subfield><subfield code="v">Maps.</subfield></datafield><datafield tag="710" ind1=" " ind2=" "><subfield code="a">.  </subfield></datafield><datafield tag="913" ind1=" " ind2=" "><subfield code="1">128</subfield><subfield code="2">Publisher</subfield><subfield code="5">Uncertain</subfield><subfield code="6">Full</subfield></datafield><datafield tag="949" ind1=" " ind2=" "><subfield code="a">MAPS 20-51-1, -2, -3</subfield></datafield><datafield tag="951" ind1=" " ind2=" "><subfield code="a">Inventory no. 6528</subfield></datafield><datafield tag="953" ind1=" " ind2=" "><subfield code="a">Was G2235.I8</subfield></datafield><datafield tag="999" ind1=" " ind2=" "><subfield code="a">MAP</subfield></datafield></record></collection>